4175 5792
1547 706 1589 769 69

495 869 635 916 numero
658 872 677 938 q
706 871 740 927 ο,
765 850 884 918 iaciant
907 852 1059 940 equalem
1087 851 1218 919 duobus
1242 852 1376 941 reliquis
1398 851 1589 940 quadratis,

494 978 541 1044 eis
565 977 715 1046 videlicet
737 981 796 1069 qui
818 980 901 1047 fiunt
923 985 943 1048 h
961 983 1107 1048 numeris
1126 1003 1159 1048 m
1173 1005 1211 1058 a,
1231 1004 1252 1047 a
1268 1003 1294 1047 o.
1319 978 1498 1048 Ostendam
1522 980 1588 1068 pri-

496 1102 697 1193 mumquod
721 1117 732 1172 t
759 1109 779 1171 lt
809 1108 1065 1198 initlequatur
1091 1131 1123 1174 m
1149 1130 1171 1173 a
1194 1108 1226 1173 in
1252 1129 1274 1172 a
1301 1129 1326 1173 o.
1348 1107 1407 1173 Est
1433 1106 1617 1173 enimtlt

494 1230 531 1303 id
553 1232 643 1320 quod
662 1230 699 1298 fit
723 1255 763 1301 ex
789 1256 811 1301 o
833 1236 866 1300 in
882 1256 915 1323 9,
943 1246 976 1302 et
999 1235 1020 1299 lc
1047 1235 1126 1301 lest
1147 1235 1252 1301 iactus
1277 1256 1318 1301 ox
1345 1237 1363 1299 h
1389 1235 1420 1298 in
1444 1237 1474 1300 d.
1501 1233 1587 1321 Ergo

495 1357 724 1446 multiplicatio
754 1370 765 1425 t
788 1363 807 1426 lt
830 1361 862 1426 in
886 1363 906 1425 lt
929 1360 1126 1451 legrcditur
1153 1383 1192 1428 ex
1218 1359 1491 1449 multiplicatione
1512 1380 1533 1425 a
1556 1359 1588 1424 in

490 1507 524 1569 9,
544 1485 645 1553 ducta
660 1486 692 1552 in
712 1488 1017 1579 multiplicationem
1040 1512 1081 1557 ex
1105 1493 1122 1555 b
1147 1490 1179 1555 in
1203 1489 1233 1555 d.
1260 1487 1418 1554 Similiter
1434 1486 1589 1574 multipli-

494 1611 581 1677 catio
603 1634 634 1678 m
652 1635 674 1678 a
698 1614 730 1679 in
752 1637 774 1680 a
796 1638 825 1691 o,
850 1595 1015 1704 surgit·ex
1040 1616 1316 1706 multiplicatione
1334 1637 1353 1682 a
1373 1614 1406 1680 in
1429 1615 1464 1688 d,
1489 1612 1589 1680 ducta

496 1736 528 1801 in
552 1737 854 1827 multiplicationem
889 1740 906 1807 h
939 1743 972 1807 in
991 1762 1023 1828 p.
1055 1741 1165 1820 Quare
1188 1763 1220 1806 m
1240 1763 1263 1806 n
1287 1743 1320 1806 in
1345 1764 1367 1807 a
1391 1764 1409 1808 o
1432 1751 1482 1808 est
1504 1740 1590 1816 sicut
1674 1834 1676 1838 ι

496 1874 507 1928 ῖ
529 1865 600 1930 hin
615 1867 638 1932 'lt
657 1865 675 1932 l.
696 1868 782 1957 Ergo
801 1879 954 1957 opportet
972 1868 1200 1957 demonstrare
1219 1867 1360 1956 duplum
1377 1889 1408 1935 m
1426 1889 1448 1932 n
1467 1869 1501 1932 in
1515 1890 1538 1932 a
1555 1888 1588 1943 o,

494 2009 571 2057 cum
601 1992 764 2080 quadrato
787 1997 844 2085 qui
868 1996 905 2062 fit
928 2003 948 2087 a
970 2017 1108 2064 numero
1131 2017 1151 2084 q
1176 2020 1195 2063 o
1217 1997 1369 2085 equalem
1403 2017 1475 2064 esse
1509 2017 1590 2084 qua-

493 2115 616 2193 dratis,
651 2121 708 2210 qui
742 2118 825 2189 fiunt
848 2127 868 2188 a
892 2125 1038 2191 numeris
1062 2145 1093 2189 m
1116 2147 1138 2190 n
1161 2134 1195 2191 et
1217 2145 1238 2188 n
1261 2146 1299 2203 o;
1333 2134 1382 2190 est
1414 2125 1500 2191 euim
1524 2143 1589 2211 aq

495 2243 622 2332 equalis
641 2267 664 2311 n
686 2268 719 2311 m
734 2268 746 2325 ;
764 2269 867 2336 quare
889 2249 1096 2337 quadratus,
1120 2252 1176 2340 qui
1214 2247 1250 2314 fit
1281 2253 1301 2315 a
1331 2267 1469 2315 numero
1492 2270 1524 2313 m
1544 2270 1585 2325 n,

494 2382 638 2461 equatur
662 2375 926 2461 multiplicationi
955 2399 987 2442 m
1009 2401 1031 2443 a
1055 2381 1086 2443 in
1110 2400 1132 2443 a
1155 2400 1196 2466 q,
1231 2388 1280 2443 θεῖ
1303 2378 1390 2444 enim
1416 2376 1489 2466 plus
1512 2398 1543 2442 m
1566 2398 1588 2441 a

494 2500 529 2564 in
546 2520 569 2564 o
585 2522 617 2576 o,
641 2521 740 2589 quam
767 2523 799 2565 m
828 2524 850 2566 a
879 2503 912 2567 in
938 2525 960 2567 a
985 2525 1020 2591 q,
1044 2503 1228 2570 secuudum
1255 2502 1335 2570 illud
1358 2502 1447 2591 quod
1471 2514 1521 2569 est
1548 2524 1588 2570 ex

492 2647 526 2691 m
540 2648 563 2692 o
581 2627 614 2693 iu
629 2648 649 2716 q
664 2650 690 2693 o.
706 2628 793 2716 Ergo
804 2628 994 2717 superficies
1004 2651 1035 2695 m
1054 2652 1077 2694 e
1096 2630 1129 2695 in
1143 2652 1165 2694 a
1184 2652 1201 2696 o
1218 2628 1491 2718 superhabundat
1506 2652 1588 2719 qua-

493 2754 643 2833 dratum,
665 2758 722 2846 qui
752 2755 789 2822 fit
808 2761 828 2823 a
846 2778 985 2825 numero
1008 2779 1039 2822 m
1058 2779 1081 2821 n
1100 2758 1133 2821 in
1159 2754 1370 2845 superficieq
1393 2779 1410 2823 ο
1435 2759 1466 2823 in
1488 2779 1520 2825 m
1541 2781 1587 2836 a,

462 2956 468 2964 ,
492 2881 559 2951 hoc
584 2896 632 2953 est
656 2885 765 2974 quin
787 2908 807 2974 q
826 2907 857 2949 a.
888 2886 928 2950 Et
956 2885 1114 2973 quoniam
1138 2906 1276 2951 numero
1292 2906 1325 2950 m
1342 2887 1509 2975 aequalis
1537 2897 1587 2954 est

495 3030 653 3078 numerus
677 3033 697 3100 q
723 3034 761 3088 a,
792 3013 943 3077 comunis
963 3010 1114 3076 adiaccat
1135 3032 1155 3098 q
1178 3032 1204 3076 o.
1229 3011 1299 3076 Erit
1319 3032 1396 3100 ergo
1413 2983 1506 3080 'totus
1528 3034 1588 3078 no

493 3137 621 3226 equalis
643 3140 788 3221 numeris
810 3161 841 3204 m
863 3161 885 3203 a
906 3151 940 3205 et
961 3162 981 3227 q
999 3160 1026 3204 o.
1061 3137 1170 3215 Quare
1202 3137 1406 3226 quadratus,
1428 3139 1484 3228 qui
1504 3139 1541 3205 fit
1565 3145 1585 3206 a

494 3285 633 3333 numero
651 3289 673 3332 a
692 3290 724 3343 o,
742 3277 884 3356 equatur
899 3266 1030 3333 duabus
1051 3263 1401 3353 multiplicationibus,
1424 3286 1489 3352 que
1504 3263 1587 3331 fiunt

429 3397 434 3405 “
494 3398 675 3461 enumero
697 3418 714 3460 o
733 3416 755 3458 a
783 3394 816 3459 in
834 3416 856 3459 n
875 3416 921 3471 m,
941 3406 974 3460 θῖ
999 3392 1042 3459 ab
1070 3415 1131 3459 on
1149 3393 1182 3457 in
1204 3414 1271 3480 oq.
1295 3393 1381 3479 Ergo
1404 3390 1586 3480 quadratus

493 3523 551 3611 qui
586 3521 624 3588 fit
646 3527 666 3591 a
688 3541 825 3589 numero
848 3544 870 3587 a
893 3546 911 3589 o
933 3519 1204 3609 superhabundat
1238 3517 1445 3608 superficiem
1468 3541 1486 3586 o
1509 3541 1531 3584 rt
1553 3519 1586 3585 in
1624 3597 1626 3602 Ι

491 3671 578 3727 nm,
598 3651 631 3715 in
650 3648 856 3739 superficieq
875 3672 892 3716 o
910 3651 979 3715 ino
1002 3670 1035 3713 a.
1060 3647 1124 3714 Sed
1148 3644 1337 3736 superficies
1362 3667 1394 3711 m
1419 3669 1440 3711 a
1471 3647 1502 3711 iu
1520 3669 1584 3714 ao

493 3775 764 3865 superhabundat
787 3776 1011 3867 quadratum,
1034 3776 1092 3863 qui
1111 3773 1147 3840 fit
1167 3779 1187 3840 a
1206 3795 1344 3841 numero
1367 3796 1399 3839 m
1420 3797 1456 3850 a,
1481 3776 1513 3840 in
1531 3796 1586 3841 su-

491 3903 624 3994 perficie
638 3926 669 3978 ,η
689 3927 709 3994 q
735 3907 808 3995 inq
834 3928 861 3972 o.
890 3904 952 3972 Sed
976 3902 1157 3992 quadratus
1181 3903 1238 3991 qui
1260 3901 1297 3968 fit
1320 3906 1340 3968 a
1363 3920 1499 3968 numero
1522 3922 1584 3966 no

492 4027 766 4120 superhabundat
788 4031 926 4099 eandem
949 4028 1156 4120 superficiem
1179 4051 1211 4095 m
1240 4051 1262 4093 a
1285 4031 1317 4094 iu
1347 4051 1370 4094 a
1391 4050 1428 4104 o,
1453 4028 1496 4131 lin
1520 4025 1583 4092 hoc

492 4156 582 4244 quod
605 4155 641 4223 fit
663 4179 704 4225 ex
720 4180 742 4222 a
765 4181 783 4244 ⁰.
806 4159 838 4223 iu
857 4181 875 4226 ο
897 4180 927 4246 q.
952 4157 1015 4225 Sed
1038 4156 1226 4246 superficies
1250 4180 1272 4223 a
1290 4179 1322 4233 o,
1345 4180 1365 4245 q
1388 4133 1581 4245 osuperha-

492 4283 620 4350 bundat
645 4284 850 4373 superficiem
869 4306 886 4350 o
902 4308 936 4373 q,
959 4307 979 4372 q
1002 4307 1024 4349 a
1050 4283 1133 4349 inid
1157 4282 1245 4371 quod
1265 4282 1302 4348 fit
1321 4287 1341 4348 a
1363 4300 1498 4348 numero
1521 4303 1541 4370 q
1564 4303 1581 4347 o

493 4412 526 4476 in
549 4433 594 4479 se.
618 4414 706 4500 Ergo
727 4412 880 4501 quadrati
903 4413 959 4501 qui
982 4410 1066 4477 fiunt
1089 4416 1109 4478 a
1131 4412 1275 4478 numeris
1292 4433 1323 4477 m
1344 4432 1367 4475 a
1388 4421 1421 4476 et
1443 4431 1465 4473 n
1486 4431 1503 4477 o
1526 4430 1580 4475 su-
