4175 5792
1536 719 1680 814 at!

487 885 554 951 que
576 874 740 952 equantur
761 861 905 952 dragmis
929 865 981 930 64.
1006 866 1048 930 Et
1071 875 1108 930 ut
1130 863 1190 932 hec
1215 863 1413 932 reducantur
1437 863 1479 929 ad
1505 883 1580 931 cen·

488 1012 564 1057 snm
597 1011 727 1066 unum,
764 990 1013 1079 multiplicanda
1046 1002 1124 1058 sunt
1162 964 1273 1057 omnia
1316 1011 1381 1080 que
1418 969 1586 1058 habentur

441 1209 445 1217 .
489 1139 548 1208 per
568 1120 586 1199 3
604 1120 638 1193 2,
662 1128 695 1183 et
717 1117 778 1183 erit
801 1137 918 1184 census
940 1130 974 1185 et
998 1139 1049 1186 res
1070 1121 1088 1200 3
1110 1121 1169 1195 36,
1192 1139 1257 1208 que
1291 1130 1456 1208 aquantur
1488 1117 1585 1208 drag·

491 1247 554 1312 mis
572 1248 588 1328 3
606 1246 688 1322 482,
705 1257 738 1312 et
752 1246 800 1312 sic
824 1244 960 1312 reducta
982 1258 1032 1313 est
1054 1249 1184 1337 questio
1207 1246 1249 1314 ad
1274 1269 1376 1314 unam
1400 1270 1441 1314 ex
1466 1247 1585 1336 regulis

488 1373 630 1464 algebre.
654 1373 744 1442 Vnde
766 1374 794 1440 si
817 1374 858 1441 ad
893 1375 1090 1443 solutionem
1119 1375 1238 1465 quesiti
1276 1374 1434 1463 liquidius
1471 1376 1584 1442 uenire

487 1502 666 1577 uolumus,
701 1522 825 1590 ponam
858 1522 918 1592 pro
951 1523 1052 1570 censu
1089 1503 1290 1591 quadratum
1324 1503 1381 1569 tt
1408 1526 1441 1570 m
1468 1527 1490 1570 a
1515 1503 1584 1596 (l),
1685 1538 1687 1543 ·

488 1630 586 1697 cuius
605 1629 867 1719 unumquodque
892 1633 979 1699 latus
1001 1631 1044 1696 sit
1066 1631 1184 1721 equale
1207 1631 1301 1699 lateri
1325 1633 1500 1721 pentagoni
1523 1654 1585 1699 su·

488 1756 644 1845 pradieti‚
666 1769 699 1824 et
723 1757 843 1825 ducam
876 1760 1058 1827 secuudum
1083 1758 1312 1827 rectitudinem
1344 1761 1449 1828 latera
1471 1763 1491 1828 lt
1512 1783 1534 1826 e
1556 1771 1588 1828 et

490 1885 555 1951 lm
576 1887 609 1951 in
633 1897 798 1975 punctap
830 1908 861 1965 c,
895 1899 928 1955 et
955 1889 997 1954 sit
1032 1909 1231 1977 unaqueque
1266 1900 1432 1956 rectarum
1462 1911 1529 1979 ap
1551 1900 1584 1957 et

489 2036 521 2080 m
543 2035 560 2080 ο
582 2015 674 2096 336,
696 2023 729 2080 et
752 2012 920 2081 diuidatur
939 2025 1028 2082 recta
1050 2036 1083 2080 m
1115 2038 1132 2082 o
1155 2015 1197 2082 ad
1219 1994 1423 2103 punctumq
1447 2017 1480 2082 in
1517 2016 1584 2084 duo

489 2161 592 2230 equa,
613 2141 726 2208 eterit
747 2163 780 2207 m
800 2163 820 2229 q
843 2144 859 2222 3
881 2145 938 2221 l8;
962 2152 994 2208 et
1017 2142 1174 2230 quoniam
1203 2142 1403 2230 quadratum
1438 2145 1457 2208 lt
1481 2163 1511 2208 m
1535 2152 1584 2210 est

490 2287 623 2343 censuS,
643 2266 705 2333 erit
724 2267 811 2334 latus
829 2289 862 2332 m
875 2290 897 2333 u
914 2290 981 2346 res,
1003 2278 1036 2335 at
1055 2267 1313 2357 unumquodque
1329 2268 1469 2334 laterum
1482 2289 1535 2352 up
1552 2278 1585 2336 et

492 2415 523 2460 m
547 2416 564 2461 ο
584 2404 635 2461 est
658 2399 674 2477 3
696 2393 755 2476 36;
774 2416 877 2485 quare
902 2406 971 2462 tota
991 2395 1181 2484 superficies
1195 2418 1217 2461 u
1235 2419 1253 2463 o
1271 2405 1320 2462 est
1344 2417 1395 2462 res
1413 2401 1430 2478 3
1451 2398 1509 2473 36,
1532 2397 1585 2463 uui

491 2521 675 2612 superficiei
691 2525 718 2591 si
736 2522 877 2591 addatur
891 2524 1092 2614 quadratum
1109 2525 1131 2589 lt
1153 2547 1198 2603 m,
1221 2524 1283 2592 erit
1303 2534 1372 2591 tota
1394 2523 1585 2613 superficies

492 2653 737 2742 rectiangulalc
771 2656 950 2743 olcensus
972 2664 1005 2721 et
1032 2675 1083 2721 res
1104 2660 1121 2736 3
1146 2656 1204 2730 36,
1239 2678 1326 2745 que,
1361 2666 1399 2723 ut
1431 2660 1582 2743 superius
1610 2675 1731 2720 arctam

493 2783 683 2848 inuenctum
706 2792 770 2857 est,
793 2793 959 2871 aquantur
981 2782 1126 2871 dragmis
1147 2787 1163 2866 3
1186 2786 1265 2852 tat:
1293 2805 1370 2873 ergo
1398 2784 1587 2872 superficies

493 2913 623 2976 lcoest
644 2907 813 2998 dragme3
835 2912 913 2988 482,
937 2932 1003 2998 que
1025 2910 1215 2999 superficies
1238 2914 1390 3000 prouenit
1412 2935 1452 2980 ex
1474 2915 1494 2978 t
1519 2915 1529 2977 l
1551 2912 1585 2978 in

494 3036 553 3114 lo,
577 3035 855 3126 sedltlequalis
883 3047 934 3103 cst
955 3048 1042 3104 reete
1065 3037 1077 3102 l
1096 3060 1144 3116 m,
1176 3058 1255 3127 ergo
1276 3028 1318 3107 au¹
1339 3038 1441 3106 ductu
1467 3042 1477 3104 i
1499 3062 1530 3105 m
1553 3039 1587 3104 in

494 3165 536 3231 lo
552 3146 750 3254 proueniunt
767 3169 783 3245 3
801 3167 881 3240 482,
894 3164 1015 3253 quibus
1026 3166 1054 3231 si
1067 3165 1208 3233 addatur
1220 3166 1448 3254 multiplicatio
1464 3187 1505 3233 ex
1525 3188 1586 3255 mq

495 3297 528 3360 in
546 3316 593 3372 se,
617 3293 681 3361 hoc
717 3305 828 3361 estex
853 3299 870 3375 3
895 3297 951 3370 l8,
978 3294 1186 3384 egredientur
1205 3297 1234 3380 33
1253 3296 1318 3360 547
1339 3314 1398 3382 pro
1422 3292 1585 3382 quadrato

493 3422 576 3489 linee
599 3423 610 3487 l
631 3444 666 3512 q,
686 3421 727 3488 de
746 3440 886 3510 quorum
910 3421 1034 3497 radice,
1069 3443 1134 3511 que
1168 3428 1223 3488 est·
1249 3418 1432 3488 secundum
1455 3420 1586 3508 propin·

492 3551 654 3640 quitatem
676 3552 719 3619 22
749 3561 782 3618 et
805 3549 932 3616 minuta
956 3551 998 3615 44
1022 3561 1056 3616 et
1078 3548 1223 3618 secunda
1246 3550 1290 3616 33
1312 3559 1345 3616 et
1368 3549 1464 3616 tertia
1487 3551 1531 3616 ta
1553 3559 1586 3616 et

492 3688 613 3767 quarta
636 3680 678 3754 7,
701 3679 727 3744 si
751 3678 919 3745 auferatur
941 3677 1027 3743 linea
1049 3697 1082 3741 m
1097 3698 1133 3765 q,
1156 3676 1281 3742 scilicet
1301 3679 1318 3757 3
1341 3678 1399 3750 l8,
1437 3697 1585 3743 remane·

493 3803 578 3870 bunt
610 3823 670 3889 pro
702 3807 886 3893 quantitate
923 3805 969 3870 rei
999 3802 1015 3867 4
1038 3825 1091 3876 m,
1128 3801 1190 3869 hoc
1225 3813 1275 3869 est
1309 3823 1369 3893 pro
1401 3806 1585 3894 quantitate

493 3932 591 3999 unius
603 3930 761 4020 cuiusque
772 3932 882 4000 lateris
896 3931 1088 4022 pentagonj‚
1110 3931 1129 3994 4
1148 3942 1180 3997 et
1202 3931 1328 4023 minuta
1346 3935 1405 4008 27,
1424 3943 1456 4000 et
1473 3950 1588 3996 secun-

492 4058 536 4126 da
553 4059 611 4134 24,
635 4068 668 4126 et
688 4061 783 4126 tertia
805 4062 862 4138 40,
882 4072 915 4130 et
930 4071 1050 4150 quarta
1067 4062 1121 4128 50.
1146 4060 1259 4127 Inueni
1280 4061 1380 4127 etiam
1400 4058 1586 4126 hisdiebus

494 4188 575 4256 alias
597 4186 776 4254 solutiones
792 4210 892 4277 super
906 4187 1071 4255 similibus
1089 4187 1340 4277 questionibus,
1364 4207 1447 4275 quas
1482 4183 1587 4251 domi-

494 4315 617 4382 nationi
641 4322 751 4380 nestre
772 4313 1049 4402 quandocumque
1072 4313 1231 4402 placuerit
1253 4311 1436 4380 destinabo.

567 4590 599 4650 (4)
617 4591 681 4640 Vedi
697 4592 737 4653 {ig¹
759 4595 781 4641 t.
