4175 5792
1523 705 1587 771 ⁴03

490 847 638 915 cundum
649 846 848 938 quadratum
868 850 1050 939 imparem3
1065 859 1099 918 et
1116 853 1164 919 sic
1179 873 1309 942 semper
1329 852 1515 919 inuenietur
1532 872 1586 919 or-

491 976 607 1043 dinata
650 977 798 1044 ascensio
831 977 1070 1068 quadratorum
1110 980 1285 1070 imparium
1320 979 1496 1048 ascendere
1527 1001 1586 1070 per

493 1105 718 1172 ascensionem
743 1126 957 1173 numerorum
980 1108 1038 1198 qui
1061 1106 1245 1175 ascendunt
1266 1130 1324 1198 per
1357 1109 1583 1177 octonarium:

492 1231 557 1301 hoc
581 1233 667 1302 idern
690 1233 810 1302 accidit
834 1236 867 1301 in
889 1233 1060 1325 quadratis
1091 1237 1220 1325 parium
1240 1258 1454 1306 numerorum
1477 1249 1585 1326 preter

493 1363 718 1429 ascensionem
741 1362 877 1430 secundi
901 1363 1054 1454 quadrati
1078 1366 1180 1454 paris,
1214 1365 1337 1432 scilicet
1370 1368 1425 1434 16.
1447 1367 1504 1456 qui
1527 1365 1586 1433 ad-

494 1485 552 1554 dit.
565 1491 619 1557 l2.
632 1510 732 1578 super
747 1491 890 1579 primum
909 1488 1109 1579 quadratum
1126 1511 1254 1580 parem,
1273 1492 1398 1559 scilicet
1415 1514 1524 1582 super.
1537 1494 1584 1560 1.;

493 1612 612 1682 deinde
634 1637 730 1705 pares
752 1616 906 1705 quadrati
929 1617 1109 1685 ascendunt
1133 1639 1192 1707 per
1214 1619 1400 1686 octonarios
1424 1619 1457 1684 in
1480 1617 1585 1685 infini-

494 1754 566 1809 tum
590 1745 794 1811 numerando
816 1766 927 1833 supra.
951 1747 1004 1813 12.
1039 1745 1092 1813 vel
1121 1745 1286 1814 secundus
1321 1748 1504 1837 quadratus
1526 1769 1587 1837 par

493 1867 586 1935 addit
608 1891 707 1958 super
731 1871 875 1959 primum
898 1871 1099 1961 quadratum
1118 1893 1231 1963 parem
1254 1884 1320 1940 tres
1342 1876 1585 1965 quaternarios,

493 2005 528 2063 et
550 1997 665 2065 tertius
687 2019 786 2088 super
807 1999 988 2095 secundum
1008 1998 1099 2066 addit
1122 2001 1268 2091 quinque
1290 2003 1533 2090 quaternarios,
1550 2013 1582 2070 et

493 2137 635 2215 quartus
658 2147 757 2215 super
773 2127 905 2194 tertium
924 2137 1049 2216 septem
1069 2128 1309 2217 quaternarios,
1330 2136 1363 2194 et
1378 2129 1513 2216 quintus
1531 2151 1585 2196 su·

494 2274 555 2343 per
575 2265 734 2342 quartum
758 2273 893 2330 nouem,
909 2264 942 2320 et
960 2254 1007 2320 sio
1023 2274 1154 2343 semper
1176 2253 1344 2321 adduntur
1366 2251 1433 2321 duo
1456 2265 1587 2344 qnater-

494 2381 579 2470 narij
602 2404 659 2471 ρετ
676 2383 899 2450 ascensionem
923 2381 1097 2471 imparium
1122 2401 1334 2448 numerorum
1358 2383 1516 2470 usquein
1540 2383 1588 2448 in-

495 2509 627 2577 finitum
650 2511 833 2579 secundum
857 2511 943 2578 hanc
972 2510 1233 2600 proportionem·
1259 2509 1316 2576 Vel
1349 2509 1474 2599 primus
1506 2532 1588 2600 qua-

495 2636 613 2704 dratus
636 2638 785 2726 parium,
819 2637 942 2704 scilicet
967 2636 997 2702 1.
1032 2646 1162 2703 constat
1193 2657 1233 2703 ex
1267 2655 1333 2702 uno
1367 2637 1586 2724 quaternario.

495 2762 667 2833 Secundus
689 2786 788 2855 snper
809 2765 952 2854 primum
976 2762 1067 2831 addit
1095 2775 1160 2830 tres
1186 2763 1428 2853 quaternarios.
1464 2764 1588 2831 Tertius

496 2913 598 2980 super
615 2890 796 2958 secundum
819 2891 980 2980 quinque,
996 2901 1029 2956 et
1045 2890 1093 2956 sic
1109 2889 1274 2958 inuenitur
1296 2911 1392 2979 pares
1410 2889 1589 2979 quadratos

496 3017 674 3086 ascendere
685 3039 743 3106 per
755 3019 977 3086 ascensionem
989 3014 1275 3106 quaternariorum
1289 3037 1353 3104 que
1367 3015 1514 3083 ascendit
1530 3037 1588 3105 per

494 3148 639 3234 impares
656 3164 811 3212 numeros
823 3145 981 3212 ordinate.
994 3143 1149 3212 Similiter
1161 3142 1270 3210 inueni
1283 3139 1463 3230 quadratos
1474 3163 1590 3208 nume-

495 3294 609 3342 rorum
622 3275 679 3363 qui
698 3273 880 3341 ascendunt
897 3293 955 3362 per
972 3273 1149 3340 ternarium
1166 3270 1330 3347 ordinate,
1344 3269 1518 3337 ascendere
1531 3291 1589 3358 per

496 3401 722 3468 ascensionem
739 3400 995 3467 nouenariorum
1012 3397 1069 3488 qui
1092 3397 1273 3467 ascendunt
1292 3396 1441 3464 similiter
1456 3417 1513 3485 per
1530 3396 1591 3462 im-

496 3546 594 3616 pares
608 3545 777 3592 numeros.
789 3524 885 3592 Verbi
902 3527 1008 3615 gratia
1026 3526 1209 3616 quadratus
1227 3524 1357 3611 ternarij
1369 3533 1418 3591 est
1433 3523 1544 3590 semol.
1556 3526 1588 3590 9.

495 3654 642 3742 Sexnarij
667 3652 763 3720 addit
780 3673 883 3742 super
899 3654 1040 3742 primum
1063 3664 1128 3721 tres
1144 3655 1356 3730 nouenarios,
1381 3653 1516 3720 sumsit
1535 3655 1589 3720 36.

495 3802 597 3870 super
608 3804 707 3872 quem
725 3781 908 3871 quadratus
923 3782 1093 3870 nonensi-ij
1112 3782 1202 3849 addit
1217 3783 1363 3872 quinque
1382 3782 1587 3850 nouenarios.

497 3909 647 3999 Sequens
660 3909 891 3993 uero,3scilicet
901 3909 1083 4000 quadratus
1099 3909 1308 3998 duodenarij,
1325 3909 1427 3978 addit.
1440 3912 1470 3978 7.
1491 3929 1591 3977 noue·

496 4042 608 4108 narios
625 4061 725 4131 super
747 4040 948 4131 quadratum
973 4041 1161 4128 nouenarij,
1190 4051 1223 4108 et
1250 4040 1297 4107 sio
1316 4039 1480 4127 deinceps.
1503 4037 1588 4104 Illud

499 4168 587 4236 idem
611 4169 721 4257 inuenj
747 4191 788 4236 ex
809 4169 998 4236 ascensione
1023 4165 1278 4256 quadratorum,
1303 4167 1361 4256 qui
1387 4175 1464 4232 sunt
1485 4168 1505 4234 a
1528 4186 1589 4232 nu-

500 4297 600 4364 meris
623 4296 876 4364 ascendentibus
891 4319 950 4387 per
967 4296 1231 4386 quaternarium,
1251 4308 1283 4365 et
1303 4317 1362 4384 per
1376 4296 1458 4364 alios
1476 4316 1590 4363 nume-

499 4442 554 4489 ros
575 4427 610 4489 in
633 4421 813 4500 inlinitum,
848 4443 888 4491 ex
917 4422 1039 4513 quibus
1074 4424 1228 4492 omnihus
1260 4423 1376 4514 collegi
1410 4423 1589 4491 solutiones

499 4549 707 4642 quarundam
731 4552 938 4641 sequentium
964 4552 1183 4640 questionum.
