4175 5792
1482 711 1503 779 3

421 860 447 925 si
464 859 663 925 auferantur.
675 879 704 925 r.
717 858 760 926 ab
774 858 887 926 eodem
895 859 1061 955 quadrato
1073 879 1219 936 numero,
1234 856 1445 927 remanebunt
1461 878 1501 923 vr.

368 1030 370 1037 -
419 996 452 1052 et
462 985 526 1053 due
539 987 632 1054 tertie
646 997 678 1054 et
692 1006 758 1052 una
772 986 949 1052 centesima
963 985 1213 1074 quadragesima
1225 997 1357 1075 quarta,
1376 987 1432 1074 qui
1445 1007 1505 1052 nu-

422 1112 832 1201 merusetiamquadratus
851 1124 909 1181 est.
930 1113 1030 1180 Cuius
1050 1112 1141 1179 radix
1155 1124 1204 1180 est
1223 1113 1290 1180 duo
1308 1124 1341 1180 et
1359 1115 1454 1180 tertia
1472 1123 1505 1180 et

420 1250 538 1330 quarta
549 1242 656 1307 unius.
669 1242 710 1306 Et
726 1261 802 1307 cum
815 1240 940 1307 diutius
951 1241 1144 1329 cogitassem
1158 1239 1246 1306 unde
1256 1240 1424 1307 oriebatur
1434 1262 1507 1328 pre-

420 1365 506 1450 dicto
523 1366 703 1455 questionis
724 1366 860 1443 solutio,
880 1366 988 1433 inueni
1013 1367 1117 1455 ipsam
1140 1365 1262 1434 habere
1286 1367 1443 1455 originem
1466 1388 1506 1434 en
1564 1365 1571 1381 “

423 1493 534 1559 multis
545 1491 781 1567 accidentibus,
794 1513 858 1581 que
870 1491 1022 1559 accidunt
1033 1493 1205 1582 quadratis
1215 1495 1370 1570 numeris,
1382 1504 1415 1560 et
1425 1494 1507 1561 inter

422 1619 601 1708 quadratos
614 1639 785 1700 numeros,
807 1640 909 1708 quare
930 1618 1005 1687 binc
1021 1643 1153 1690 sumens
1171 1622 1341 1688 materiam
1361 1620 1506 1687 libellum

424 1747 528 1835 incepi
543 1767 739 1836 componere
757 1746 799 1812 ad
819 1758 927 1814 uestra
942 1748 1122 1815 maiestatis
1138 1748 1338 1817 celsitudinis
1357 1749 1508 1838 gloriam,

422 1895 520 1962 quem
534 1874 681 1942 libellum
694 1874 932 1964 quadratorum
945 1875 1108 1942 intitulaui
1117 1928 1126 1979 t
1136 1877 1169 1943 in
1178 1897 1246 1965 quo
1258 1877 1511 1943 continebuntur
1532 1885 1663 1965 tqugfm

427 2002 569 2069 rationes
582 2013 614 2070 et
627 2001 845 2089 probationes,
855 2003 1051 2090 geometrice
1064 2003 1241 2071 solutiones
1252 2004 1430 2093 questionis
1440 2025 1512 2092 pre-

424 2126 524 2213 dicte,
537 2141 568 2195 et
581 2129 758 2196 multarum
771 2129 911 2196 aliarum
922 2130 1130 2218 questionum
1143 2130 1331 2207 solutiones,
1342 2153 1440 2221 quem
1453 2130 1511 2196 ha-

424 2254 501 2322 bere
513 2257 631 2344 poterit
642 2267 754 2323 uestra
764 2256 976 2331 immensitas,
988 2260 1014 2321 si
1027 2255 1210 2323 celsitudini
1222 2269 1330 2325 uestre
1341 2259 1509 2346 placuerit.

493 2387 610 2447 Astera
632 2400 712 2448 uero
733 2382 862 2469 questio
885 2386 905 2448 a
927 2380 1074 2469 predicto
1098 2381 1253 2470 magistro
1272 2383 1416 2451 Iohanne
1439 2402 1513 2471 pro

427 2507 533 2594 posita
548 2507 609 2574 luit
627 2520 663 2576 vt
678 2509 879 2576 inueniretur
892 2507 1026 2597 quidam
1045 2508 1152 2576 cubus
1168 2531 1337 2587 numerus,
1356 2511 1413 2600 qui
1432 2530 1510 2576 cum

423 2633 492 2699 suis
518 2633 648 2701 dnobus
670 2634 839 2723 quadratis
861 2645 894 2701 et
907 2633 1018 2702 decem
1044 2634 1209 2703 radicibus
1232 2638 1265 2703 in
1287 2658 1390 2703 unum
1413 2637 1510 2704 oolla-

426 2765 486 2833 ctis
497 2773 604 2831 essent
614 2763 743 2852 uiginti3
756 2752 854 2850 super
865 2762 928 2829 hoc
940 2762 1127 2831 meditando
1139 2765 1253 2851 putaui
1265 2763 1510 2854 huiusquestio-

425 2891 475 2958 nis
495 2891 691 2957 solutionem
720 2888 829 2978 egredi
852 2910 892 2956 ex
914 2888 964 2956 bis
986 2911 1051 2979 qne
1074 2891 1282 2957 continentur
1305 2891 1346 2956 in.
1370 2891 1418 2957 x.⁰
1440 2891 1514 2958 lib.⁰

426 3015 586 3095 Euclidis,
607 3027 639 3083 et
655 3016 699 3084 ob
723 3015 786 3083 boe
804 3037 904 3104 super
919 3017 1000 3103 ipso.
1020 3018 1068 3082 x.⁰
1082 3017 1228 3084 Euclidis
1243 3019 1430 3085 accuratius
1446 3029 1514 3085 stu-

428 3144 500 3220 dui,
520 3142 603 3209 adeo
620 3141 709 3230 quod
728 3142 960 3226 sinteorpmata
978 3143 1081 3231 ipsius
1098 3144 1252 3211 memorie
1270 3143 1512 3217 commendaui,

427 3280 460 3337 et
483 3270 627 3358 ipsarum
648 3266 847 3334 intellectum
864 3266 1104 3355 comprehendi.
1129 3269 1170 3333 Et
1188 3269 1266 3357 quia
1285 3265 1444 3334 difficilior
1465 3277 1514 3334 est

418 3397 690 3478 ,antecedentium
713 3406 746 3463 et
767 3394 986 3485 quorumdam
1006 3394 1212 3483 sequentium
1229 3394 1388 3460 librorum
1407 3394 1515 3461 Eucli-

429 3522 492 3597 dis,
510 3520 582 3589 ideo
601 3523 707 3609 ipsum
732 3522 778 3588 nm
798 3520 918 3587 librum
942 3520 1070 3609 glosare
1092 3520 1211 3608 incepi,
1236 3518 1395 3587 reducens
1421 3519 1513 3587 intel-

334 3632 336 3637 *
428 3648 549 3714 lectum
566 3649 667 3737 ipsius
687 3646 729 3715 ad
748 3669 937 3724 numerum,
956 3647 1013 3735 qui
1032 3647 1119 3715 ineo
1137 3667 1195 3734 per
1211 3646 1314 3714 lineas
1331 3656 1362 3713 et
1378 3646 1514 3736 superli-

430 3778 496 3844 cies
511 3776 752 3844 demonstratur
763 3799 770 3857 ;
783 3777 839 3866 qni
858 3774 949 3843 liber.
966 3784 1007 3841 x!
1021 3787 1139 3842 tractat
1151 3775 1192 3843 de
1202 3774 1447 3843 diuersitatibus
1458 3794 1511 3841 xv.
1549 3796 1588 3846 cr
1600 3796 1659 3846 xv,

428 3904 589 3970 linearum
614 3915 793 3980 rectarum,
816 3925 967 3992 quarum.
992 3924 1042 3969 ιν.
1066 3904 1223 3971 linearum
1255 3901 1319 3970 due
1353 3911 1515 3969 uocantur

430 4032 490 4097 rite
513 4051 571 4097 seu
596 4029 795 4097 ratiocinata.

497 4157 641 4245 Reliqua.
679 4175 745 4222 xm.
780 4155 934 4224 dicuntur
965 4157 1058 4247 aloga
1095 4157 1164 4224 siue
1198 4155 1433 4223 inraticcinate.
1467 4152 1515 4217 Ex

429 4284 480 4351 his
511 4282 641 4351 duobus
668 4283 752 4358 ritis,
783 4304 849 4350 una
879 4283 999 4351 dicitur
1026 4285 1077 4349 riti
1108 4305 1165 4350 seu
1199 4283 1391 4349 ratiocinata
1412 4280 1515 4368 longi·

430 4411 542 4479 tudine
569 4422 602 4478 et
628 4408 783 4498 potentia.
816 4410 886 4475 Alia
920 4431 998 4477 uero
1032 4412 1176 4498 potentia
1210 4411 1326 4477 solum.
1362 4410 1423 4476 Per
1449 4409 1515 4496 pri·

433 4560 519 4605 mam
543 4561 583 4606 ex
605 4537 655 4604 bis
687 4536 817 4603 duabus
849 4537 1037 4626 intelligitur
1068 4558 1222 4604 numerus
1245 4538 1302 4625 qui
1327 4547 1432 4625 potest
1456 4559 1516 4602 nu-

435 4667 568 4743 merari,
596 4675 630 4732 vt
662 4686 766 4732 unus:
786 4661 874 4730 duo:
899 4674 985 4729 tres:
1009 4673 1041 4729 et
1063 4663 1181 4736 ceteri,
1204 4663 1256 4731 uel
1280 4675 1387 4752 partes
1411 4663 1517 4731 nnita-
