4175 5792
477 725 540 790 446

476 892 547 946 rus,
567 868 656 957 quod
675 867 868 935 ostendatur
885 867 916 932 in
931 866 1103 956 superficie
1117 887 1173 949 aa
1192 862 1254 957 (l),
1274 883 1339 952 que
1356 860 1560 928 contineatur

474 998 536 1066 sub
559 996 691 1064 duobus
716 996 861 1063 numeris
884 996 1098 1072 ratiocinaris,
1123 1013 1264 1084 quorum
1288 989 1396 1057 maior
1423 985 1557 1055 excedat

474 1125 612 1192 alterurn
647 1124 762 1198 in.l.,
794 1125 851 1212 qui
875 1125 1036 1191 suntab
1062 1133 1095 1190 et
1128 1121 1208 1205 bu,
1239 1130 1272 1188 et
1305 1118 1412 1185 maior
1444 1133 1557 1182 eorum

470 1264 541 1318 esto
564 1255 581 1317 b
604 1273 645 1335 9,
678 1263 711 1318 et
733 1252 902 1320 auferatur
923 1254 944 1317 a
968 1250 1085 1336 maiorj
1111 1252 1130 1315 b
1158 1249 1353 1336 gunitasq
1382 1245 1406 1310 d
1422 1293 1429 1320 ,
1458 1260 1558 1338 rama·

472 1379 562 1445 nebit
595 1399 752 1445 numerus
790 1382 807 1444 b
841 1378 864 1445 d
895 1377 1021 1465 equalis
1054 1396 1191 1444 numero
1214 1398 1235 1444 o
1259 1379 1292 1451 b,
1325 1385 1359 1442 et
1392 1370 1558 1439 diuidatur

453 1506 621 1600 'unitasq
649 1505 672 1571 d
700 1507 733 1571 in
767 1504 834 1572 duo
856 1526 942 1593 equa
976 1526 1076 1592 super
1096 1527 1125 1580 a,
1148 1517 1181 1572 et
1214 1504 1276 1571 erit
1309 1504 1331 1571 d
1358 1525 1374 1570 r
1400 1501 1558 1569 medietas

471 1633 568 1699 unius
601 1633 729 1722 integrj.
763 1633 871 1710 Quare
894 1633 916 1698 d
942 1654 958 1698 a
980 1632 1137 1701 medietas
1173 1643 1223 1698 est
1262 1632 1479 1708 ratiocinata,
1513 1641 1558 1696 ast

471 1759 558 1825 enim
581 1771 613 1826 et
634 1780 794 1827 numerus
817 1761 872 1827 bd
894 1746 1116 1828 ratiocinatus.
1129 1759 1238 1839 Quare
1260 1769 1349 1826 totus
1373 1762 1561 1825 bonume-

472 1909 527 1955 rus
549 1888 761 1955 ratiocinatus
783 1898 848 1965 est,
871 1899 904 1955 et
928 1887 1124 1977 quadratus,
1143 1889 1201 1975 qui
1225 1886 1262 1954 fit
1284 1886 1327 1954 ab
1350 1888 1437 1975 ipso,
1462 1886 1559 1952 ratio·

471 2017 600 2084 cinarus
621 2026 685 2093 est,
715 2016 767 2104 cuj
793 2015 955 2106 quadrato
977 2027 1119 2104 equatur
1140 2013 1346 2103 superficies,
1367 2034 1434 2101 que
1457 2011 1496 2078 fit
1522 2033 1561 2079 ex

472 2141 581 2209 bdin
605 2146 680 2231 bg,
701 2143 765 2212 boc
786 2154 892 2211 estex
914 2143 972 2210 ab
996 2143 1028 2209 in
1053 2142 1123 2226 by,
1147 2163 1223 2209 cum
1245 2142 1410 2231 quadrato
1429 2141 1489 2230 qui
1524 2139 1560 2206 rr

470 2272 575 2338 lde.
610 2271 674 2338 Sed
697 2270 899 2361 quadratus.
922 2271 979 2358 qui
998 2267 1035 2335 fit
1058 2291 1098 2336 ex
1120 2270 1426 2356 deestlunius,
1446 2279 1480 2336 et
1502 2290 1561 2335 nu-

472 2420 594 2475 merus,
618 2400 675 2488 qui
712 2399 864 2488 prouenit
886 2419 927 2464 ex
947 2418 968 2464 o
992 2399 1010 2462 b
1034 2396 1067 2461 in
1089 2394 1108 2461 b
1130 2406 1239 2480 9,est
1255 2406 1469 2484 contemptus
1493 2393 1561 2460 'sub

470 2524 600 2593 duobus
623 2525 767 2591 numeris
790 2523 1006 2600 ratiocinaris,
1030 2542 1172 2610 quorum
1197 2544 1285 2589 unus
1307 2520 1437 2589 excedit
1456 2521 1559 2587 alium

468 2652 553 2718 int.
589 2653 676 2740 Ergo
700 2670 776 2717 cum
800 2649 932 2717 additur
962 2653 977 2736 ὶ
1011 2669 1087 2716 cum
1113 2670 1250 2717 numero
1273 2649 1361 2716 lacto
1383 2652 1403 2715 a
1427 2647 1561 2715 duobus

467 2776 627 2852 numeris,
650 2795 788 2864 quorum
812 2797 898 2843 unus
921 2775 1024 2843 addat
1042 2795 1142 2863 super
1160 2777 1312 2844 alterum.
1333 2778 1387 2852 l.,
1408 2774 1562 2863 prouenit

464 2902 539 2970 inde
559 2903 741 2992 quadratus
762 2926 934 2981 numerus,
956 2915 989 2970 et
1012 2903 1076 2970 boc
1099 2903 1190 2970 uolui
1214 2904 1457 2976 demonstrare,

534 3032 581 3097 lin
603 3031 783 3098 notandum
802 3030 890 3121 quod
907 3052 1020 3098 omncs
1044 3031 1172 3097 numeri
1195 3030 1332 3119 integri,
1355 3029 1414 3118 qui
1439 3028 1563 3095 fiuntd

463 3155 594 3225 dnobus
611 3157 869 3234 collateralibus,
885 3157 1007 3225 scilicet
1026 3157 1208 3232 continuis,
1227 3156 1429 3244 proueniunt
1447 3177 1490 3224 ex
1509 3175 1563 3222 or-

467 3280 552 3359 dina,
566 3303 607 3348 ex
622 3282 771 3350 ordinata
782 3284 911 3370 parium
925 3303 1139 3350 numerorum
1151 3283 1500 3370 aggregationellam.
1512 3283 1562 3355 2,

463 3409 520 3495 qui
537 3410 686 3496 prouenit
703 3432 744 3476 ex
761 3410 887 3475 unitate
902 3407 1002 3475 ducta
1014 3409 1056 3473 in.
1071 3410 1117 3486 2.,
1135 3406 1276 3474 habetur
1295 3429 1338 3475 ex
1354 3408 1462 3496 primo
1488 3408 1561 3496 par]⁸

468 3552 621 3606 nurnero,
639 3544 672 3600 at
690 3531 895 3622 aquiliana
913 3554 953 3600 ex
973 3533 1082 3600 ductis
1102 3534 1134 3599 2.
1153 3533 1186 3599 in
1205 3535 1252 3610 3.,
1264 3531 1432 3602 habentur
1447 3556 1489 3602 ex
1508 3556 1565 3624 ag-

466 3659 654 3747 gregatione
676 3664 861 3747 primorum
883 3659 1025 3726 duorum
1043 3658 1171 3748 parium
1187 3680 1415 3738 numerorum,
1430 3671 1476 3728 et.
1489 3662 1562 3737 lb,

467 3807 532 3874 que
555 3786 693 3852 ueniunt
710 3807 749 3852 ex
768 3789 788 3852 3
811 3784 918 3854 ductis
938 3787 979 3852 in.
1002 3786 1054 3862 4.,
1079 3785 1242 3853 habentur
1263 3808 1304 3854 ex
1327 3789 1564 3877 aggregatione

465 3914 564 3980 trium
584 3914 712 4001 parium
731 3935 960 3990 numerorum,
984 3913 1105 3981 scilicet
1122 3912 1173 4014 de.
1194 3915 1214 3979 2
1234 3924 1266 3980 et
1285 3914 1305 3979 l
1321 3926 1353 3982 at
1374 3917 1421 3991 6.,
1442 3926 1476 3983 et
1497 3913 1563 3982 hoc

464 4042 581 4110 eodem
600 4040 715 4107 ordine
735 4022 776 4108 ax
794 4041 907 4108 decem
932 4039 1066 4128 paribus
1099 4041 1245 4108 numeris
1263 4038 1564 4130 prouenit'nume-

466 4187 523 4232 rus
545 4165 653 4234 lactus
687 4188 728 4233 ex
756 4168 799 4231 40
822 4167 952 4234 uicibus
982 4169 1038 4239 ll,
1063 4165 1150 4255 quod
1175 4166 1261 4233 idem
1299 4169 1505 4258 intelligatur
1528 4171 1562 4236 in

466 4293 620 4360 omnibus
642 4292 774 4381 reliquis
805 4293 964 4367 numeris,
998 4293 1055 4379 qui
1087 4290 1169 4358 fiunt
1193 4296 1213 4358 a
1235 4293 1368 4364 duobus
1390 4299 1565 4365 continuis

535 4565 567 4622 ur
582 4563 646 4633 vaur
663 4563 714 4625 rig.
731 4564 770 4612 ar.
