4175 5792
1468 684 1510 749 lb

418 839 618 922 ptintt,
643 835 705 905 hoc
727 846 777 904 est
799 858 840 902 ex
862 835 963 904 ducto
988 855 1125 903 numero
1147 846 1180 901 et
1202 830 1312 903 radice
1329 831 1361 903 in
1378 827 1510 901 duabus

420 965 586 1034 radicibus
597 965 746 1033 diuersis.
762 965 844 1032 Nam
863 968 883 1031 lc
901 964 1052 1052 loquelis
1070 972 1120 1030 est
1137 963 1220 1030 lineo
1236 963 1254 1027 b
1269 981 1285 1028 c
1300 980 1332 1027 o.
1351 957 1412 1026 Sed
1434 979 1511 1025 cum

417 1093 653 1180 multiplicatur
670 1113 826 1169 numerus
848 1103 881 1159 et
905 1090 998 1159 radix
1023 1092 1056 1159 in
1079 1087 1247 1159 radicibus
1269 1086 1430 1163 diuersis,
1456 1086 1508 1155 ni·

417 1222 537 1287 mirum
561 1219 690 1288 diuersa
713 1219 840 1287 radices
862 1218 1071 1308 proueniunt.
1094 1219 1204 1297 Quare
1227 1225 1297 1283 tota
1320 1204 1510 1304 superficies

417 1350 438 1413 d
455 1369 471 1412 c
489 1356 618 1413 constat
636 1366 676 1413 ex
695 1344 861 1414 radicibus
871 1344 1020 1412 diuersis.
1041 1343 1105 1411 Sed
1120 1342 1309 1433 superficies
1323 1365 1339 1410 c
1353 1356 1364 1410 t
1380 1350 1509 1415 constat

417 1493 458 1539 ex
472 1492 609 1540 numero
630 1483 663 1540 ct
681 1471 813 1549 radice,
830 1473 953 1539 scilicet
972 1494 1012 1539 ex
1031 1471 1133 1560 duplo
1152 1475 1170 1543 d
1191 1472 1222 1537 lc.
1243 1471 1352 1550 Quare
1370 1480 1440 1538 tcta
1457 1490 1512 1537 su-

417 1597 566 1686 perficies
583 1603 604 1665 d
624 1603 783 1667 icoustat
799 1622 840 1687 ex
862 1619 1000 1668 numero
1019 1611 1053 1666 et
1074 1598 1255 1673 radicibus,
1280 1595 1370 1686 quod
1394 1606 1444 1665 est
1464 1597 1512 1661 in-

418 1726 630 1802 conueniens,
653 1747 731 1794 cum
752 1726 942 1818 superficies
956 1730 1003 1794 di
1020 1727 1072 1794 sit.
1095 1749 1148 1795 xx.
1170 1727 1241 1792 Nou
1256 1745 1335 1813 ergo
1353 1723 1474 1793 liuean
1494 1723 1512 1785 t

416 1863 466 1919 est
484 1852 640 1925 binomia.
663 1854 818 1924 Similiter
836 1853 1117 1922 demonstrabitur
1139 1873 1205 1920 non
1228 1873 1300 1919 esse
1317 1847 1451 1938 aliquod
1469 1869 1509 1915 ex

416 1999 473 2045 sex
495 1979 605 2047 recisis
627 1980 835 2069 supradictis.
867 1981 951 2060 Quia
974 1981 1001 2048 si
1025 1981 1165 2049 recisum
1200 1987 1286 2047 esset
1317 1978 1403 2045 linea
1427 1998 1448 2043 o
1470 1979 1501 2047 o.

417 2103 540 2172 eisdem
564 2105 900 2179 demonstrationibus
922 2129 987 2196 que
1008 2106 1233 2178 demonstratu
1265 2116 1342 2172 sunt
1366 2105 1399 2170 in
1422 2103 1513 2170 binc·
1581 2188 1585 2195 ⁵

361 2300 368 2320 s
419 2228 507 2315 miJs,
527 2228 717 2298 ostendetur
736 2241 806 2298 tota
820 2231 1009 2321 superficies
1024 2237 1067 2299 di
1085 2241 1235 2298 constare
1247 2240 1305 2305 aut
1319 2250 1360 2296 ex
1371 2246 1509 2295 numero

418 2356 527 2425 minus
549 2356 726 2435 radicibus,
738 2372 796 2428 aut
807 2381 848 2427 ex
858 2359 1024 2431 radicibus
1039 2360 1148 2427 miuus
1159 2379 1311 2434 numero,
1330 2355 1510 2444 exquibus

419 2504 587 2572 nunquam
617 2487 746 2574 poterit.
762 2509 805 2554 xx
824 2471 998 2576 procreari.
1021 2487 1102 2554 Dico
1127 2506 1242 2553 rursus
1267 2484 1353 2559 linea
1369 2487 1387 2549 o
1402 2505 1422 2550 o
1437 2503 1509 2551 esse

418 2631 484 2678 non
506 2632 602 2701 posse
627 2634 667 2681 ex
691 2612 857 2682 radicibus
875 2614 1098 2684 binomiorum
1115 2613 1169 2680 uel
1186 2611 1375 2683 recisorum.
1392 2610 1508 2679 Osten-

417 2758 491 2804 sum
513 2748 562 2805 est
581 2738 588 2826 Ι
607 2740 693 2807 enim
718 2739 846 2810 lineau
882 2744 994 2809 besse
1016 2760 1082 2807 uon
1116 2758 1211 2828 posse
1244 2738 1427 2809 binomium
1450 2735 1503 2803 uel
1536 2758 1649 2806 oroma

419 2865 569 2931 recisum.
589 2865 698 2946 Quare
719 2888 740 2933 n
760 2869 858 2934 bnon
877 2867 938 2934 erit
957 2865 1052 2934 radix
1071 2866 1168 2955 primi
1187 2865 1323 2952 binomij
1340 2864 1392 2932 uel
1412 2861 1508 2951 primi

420 2993 525 3069 recisi,
542 3012 618 3060 oum
639 2991 731 3061 radix
743 2994 840 3082 primi
859 2993 994 3082 binomij
1012 2994 1055 3060 sit
1070 2992 1264 3070 binomium,
1283 3004 1317 3061 et
1337 2991 1429 3065 radix
1441 2993 1507 3081 pri-

422 3120 467 3186 mi
490 3120 583 3187 recisi
602 3121 645 3187 sit
668 3121 820 3193 recisum.

486 3247 548 3316 Sed
559 3248 586 3325 si
598 3248 751 3336 possibile
765 3259 829 3323 cst,
846 3250 931 3317 linea
951 3252 1002 3316 tc
1015 3260 1086 3323 esto
1104 3249 1195 3317 radix
1208 3247 1344 3317 secundi
1361 3248 1507 3335 binomij.
1547 3320 1551 3329 ,

420 3375 506 3464 Ergo
528 3374 590 3442 erit
612 3373 795 3453 bimedialis
817 3376 936 3463 prima,
960 3376 1056 3443 cuius
1072 3376 1206 3443 uomina
1224 3375 1290 3446 sint
1313 3375 1431 3443 iterum
1452 3375 1508 3441 bc

418 3514 451 3569 et
466 3524 483 3571 c
498 3523 529 3581 n,
545 3514 578 3570 ot
597 3503 769 3594 proueniat
788 3503 907 3570 iterum
922 3525 963 3571 ex
981 3501 1119 3579 ductuo
1136 3505 1154 3569 t
1175 3504 1244 3569 inse
1268 3522 1424 3573 uumerus
1440 3504 1458 3567 b
1474 3500 1511 3578 lt,

420 3629 476 3717 qui
496 3639 545 3700 est
563 3629 746 3699 binomium
764 3630 962 3708 secundum,
986 3633 1081 3699 ouius
1104 3632 1212 3698 minus
1230 3650 1348 3699 nomeu
1372 3630 1414 3699 sit
1432 3632 1450 3695 b
1468 3633 1509 3705 lt,

420 3758 509 3847 quod
532 3769 582 3827 est
604 3780 770 3833 numerus.
795 3758 904 3837 Quare
930 3769 1000 3826 tcta
1021 3781 1040 3842 p
1064 3761 1085 3824 lt
1107 3768 1296 3832 constater
1319 3777 1457 3824 numero
1479 3766 1512 3822 et

421 3882 541 3951 radice.
564 3883 651 3974 Ergo
670 3907 746 3954 cum
765 3885 1002 3974 multiplicatur
1022 3910 1041 3969 p
1067 3888 1086 3951 t
1110 3886 1142 3963 in
1157 3889 1177 3953 lt
1194 3888 1218 3962 t,
1242 3885 1305 3953 boo
1323 3897 1373 3953 est
1391 3884 1424 3952 iu
1443 3885 1508 3957 bu.

420 4011 508 4079 unde
525 4013 674 4099 prouenit
692 4011 881 4103 superficies
897 4018 954 4088 dr,
969 4033 1034 4102 que
1049 4024 1098 4080 est
1109 4013 1235 4103 equalis
1247 4010 1429 4100 superficiei
1448 4011 1511 4085 dlt,

422 4149 500 4207 tuuc
522 4138 759 4226 multiplicatur
778 4162 936 4210 uumerus
954 4151 988 4209 et
1011 4139 1105 4213 radix
1128 4146 1160 4206 in
1188 4139 1299 4207 radice
1327 4137 1456 4206 numeri
1478 4147 1511 4205 et

423 4268 555 4350 radicis;
571 4290 611 4336 ex
627 4287 694 4356 qua
711 4268 980 4358 multiplicatione
995 4269 1146 4357 prouenit
1161 4267 1254 4341 radix
1267 4265 1394 4337 numeri
1412 4275 1445 4333 et
1460 4286 1512 4332 ra-

422 4393 518 4471 dicis,
535 4407 568 4463 et
583 4394 620 4461 fit
637 4395 707 4483 ipsa
726 4394 953 4484 multiplicatio
969 4396 1030 4461 sic:
1049 4394 1284 4482 multiplicatur
1303 4403 1508 4483 tetragonum

423 4525 551 4590 numeri
574 4547 593 4607 p
617 4527 637 4589 lt
660 4524 693 4589 in
716 4543 889 4589 numerum
914 4525 932 4589 b
955 4522 977 4587 lr
998 4523 1094 4590 cuius
1117 4520 1396 4610 multiplicationis
1419 4520 1510 4590 radix
