4175 5792
582 1096 705 1176 Questi'o
726 1096 802 1161 mibi
819 1099 980 1185 proposita
1000 1119 1022 1165 u
1044 1102 1192 1184 mauislro
1205 1101 1372 1167 ‘Theodum
1393 1098 1509 1165 domiui

847 1227 1039 1313 mercatoris
1054 1225 1252 1322 phyloaupim.

522 1483 525 1488 '
564 1477 643 1544 Volo
663 1478 808 1545 inuenire
825 1489 891 1546 tres
911 1500 1081 1580 numqros,
1096 1482 1152 1570 qui
1171 1482 1301 1548 insimul
1325 1485 1493 1570 aggregati
1513 1499 1585 1547 uum

497 1605 659 1696 quadrato
683 1607 778 1695 primj
804 1609 930 1674 numeri
955 1607 1077 1676 iaciant
1096 1608 1295 1698 quadratum
1320 1630 1510 1677 numerum.
1531 1610 1585 1677 Su·

498 1757 557 1824 per
578 1756 675 1823 quem
699 1734 898 1823 quadratum
914 1737 941 1802 si
959 1736 1101 1803 addatur
1121 1735 1305 1825 quadratus
1326 1735 1480 1813 secundi,
1499 1757 1588 1826 egre·

498 1861 607 1928 diatur
624 1860 700 1928 inde
717 1861 899 1950 quadratus
918 1884 1089 1938 uumerus,
1107 1884 1184 1930 cum
1201 1883 1269 1952 quo
1284 1863 1449 1952 quadrato
1473 1862 1585 1931 addito

498 1987 661 2078 quadrato
684 1989 795 2075 tertij,
818 1988 966 2055 similiter
988 1987 1171 2076 quadratus
1194 2010 1351 2056 numerus
1373 1987 1450 2056 inde
1472 2009 1587 2077 proua

499 2118 578 2183 niat.
602 2115 792 2183 lnueuiendi
814 2126 892 2181 sunt
914 2115 1010 2204 primi
1049 2128 1115 2183 tres
1154 2116 1282 2182 numeri
1304 2114 1486 2205 quadrati,
1510 2135 1588 2204 quu-

501 2265 574 2310 rum
593 2241 659 2310 duo
676 2242 773 2309 simul
793 2242 959 2331 aggregati
974 2239 1094 2309 saciant
1109 2242 1309 2332 quadratum
1328 2262 1506 2310 numerum
1526 2242 1534 2331 Ι
1552 2262 1589 2309 ax

500 2372 730 2462 aggregatione
753 2371 899 2458 ipsorum
925 2370 1024 2436 trium
1060 2370 1172 2436 ueniat
1207 2371 1283 2437 item
1322 2369 1510 2459 quadratus
1532 2390 1589 2436 nu-

500 2520 620 2567 merus.
640 2501 682 2564 Et
698 2499 805 2564 minor
822 2519 937 2565 eorum
949 2499 992 2564 sit
1006 2498 1082 2587 plus
1101 2499 1267 2566 radicibus
1284 2499 1488 2587 reliquorum
1508 2498 1589 2566 dua

502 2647 576 2690 rum
598 2623 847 2713 quadratorum.
867 2623 1003 2713 Sintque
1026 2626 1069 2691 36
1088 2635 1120 2692 et
1139 2623 1183 2691 di
1201 2635 1233 2693 et
1253 2627 1330 2703 576,
1353 2636 1387 2693 et
1409 2627 1473 2692 erit
1492 2625 1589 2693 radix

501 2750 635 2837 secundj
653 2751 790 2818 numeri.
806 2755 855 2828 8.,
873 2752 970 2837 tertij.
990 2751 1058 2826 24„
1081 2773 1146 2840 que
1168 2752 1294 2820 radices
1318 2751 1509 2821 habeantur
1533 2772 1591 2841 pro

500 2876 645 2944 seeundo
667 2889 700 2943 et
723 2879 818 2945 tertio
841 2898 978 2944 numero
1000 2878 1205 2966 quesitorum
1229 2880 1329 2945 trium
1357 2850 1590 2956 mimdrorum,

499 3015 532 3071 et
554 3024 674 3093 ponam
698 3025 758 3093 pro
781 3006 887 3094 primo
910 3027 1048 3073 numero
1078 3004 1237 3083 radicem,
1253 3017 1293 3072 st
1317 3007 1507 3097 aggregabo
1531 3007 1592 3076 bos

502 3144 568 3200 tres
586 3154 742 3201 numeros
760 3134 873 3211 simul,
884 3146 917 3200 et
934 3133 1065 3201 habebo
1080 3137 1122 3202 32
1141 3147 1175 3201 at
1195 3134 1350 3211 radiaem,
1369 3157 1473 3226 super
1491 3160 1591 3228 quam

437 3317 439 3324 .
502 3261 621 3328 addam
645 3262 844 3351 quadratum
863 3260 1003 3333 radicis,
1023 3273 1056 3327 et
1073 3259 1202 3328 habebo
1226 3262 1268 3329 32
1289 3274 1322 3330 et
1337 3262 1543 3351 quadratum
1562 3275 1593 3332 et

504 3385 667 3461 radicem,
685 3408 751 3475 que
773 3387 882 3453 omnia
905 3387 982 3453 uolo
1004 3398 1041 3452 ut
1062 3396 1224 3474 equeutur
1246 3389 1353 3476 primo
1377 3390 1488 3477 posito
1510 3410 1593 3480 qua·

502 3510 611 3589 drato,
642 3512 774 3579 scilicet.
799 3514 874 3587 Sd,
898 3522 931 3578 et
954 3511 1098 3580 auferam
1122 3512 1165 3579 ab
1188 3523 1328 3604 utraque
1351 3527 1446 3604 parta
1470 3518 1538 3594 32,
1562 3527 1594 3584 ai

502 3636 717 3703 remanebunt
740 3637 921 3726 quadratus
954 3651 987 3705 et
1020 3638 1114 3705 radix
1137 3641 1270 3728 aquales
1292 3649 1367 3708 1111⁰'.
1395 3644 1591 3712 unitatibus¹

502 3761 592 3828 Vnde
611 3762 751 3850 qualiter
770 3764 802 3828 iu
817 3764 979 3831 similibus
993 3765 1196 3854 operandum
1211 3769 1276 3844 sit,
1292 3788 1414 3857 ponam
1432 3791 1494 3860 pro
1510 3793 1593 3862 qua·

503 3891 597 3956 drato
620 3888 819 3978 quadratum
842 3911 901 3956 ac
929 3889 987 3982 (i),
1011 3893 1105 3958 cuius
1128 3869 1401 3984 ¹unumquodque
1424 3896 1515 3965 latus
1548 3898 1590 3965 sit

503 4019 618 4104 equale
636 4016 740 4104 posits
763 4014 895 4091 radicis,
929 4027 961 4082 et
983 4015 1104 4084 addam
1126 4020 1156 4085 ai
1180 4019 1389 4107 superficiem
1411 4024 1435 4089 d
1455 4047 1472 4090 a
1497 4026 1592 4093 moti-

504 4142 753 4231 angulumque
772 4142 814 4206 sit
828 4162 893 4208 una
910 4140 1003 4208 radix
1022 4143 1174 4231 quadratj
1195 4165 1215 4210 a
1232 4167 1263 4219 c,
1279 4168 1382 4235 quare
1396 4172 1442 4239 cp
1457 4151 1532 4218 arii.
1545 4154 1590 4226 i.,

504 4279 536 4332 et
558 4271 674 4333 duest
698 4266 803 4341 radix,
823 4269 958 4333 sumsit
977 4289 1079 4335 unum
1099 4291 1140 4337 ex
1158 4271 1314 4341 lateribus
1336 4277 1494 4365 quadrati
1515 4302 1591 4356 ur,

580 4548 610 4605 (⁴)
633 4548 695 4596 Vedi
714 4549 765 4609 Fig.
782 4549 820 4597 36.
