4175 5792
498 703 541 766 90

497 850 623 916 numeri
645 872 661 914 e
683 872 712 924 z,
732 872 752 915 z
774 851 787 914 i
809 862 885 917 sunt
906 850 1039 938 equales
1063 852 1207 916 numeris
1225 872 1245 916 a
1265 872 1301 935 9,
1325 853 1346 916 ri
1367 873 1409 933 9,
1428 838 1512 938 'ergo
1530 871 1581 914 ez

495 985 554 1042 est.
579 976 628 1050 t..
652 986 686 1044 et
707 980 754 1043 zi
774 988 832 1047 est.
853 979 885 1044 2,
909 975 990 1044 Item
1009 999 1049 1044 ex
1071 976 1172 1044 ductu
1196 979 1214 1040 t
1232 999 1251 1060 9
1276 978 1309 1043 in
1330 998 1390 1060 99
1415 976 1582 1064 proueniat

498 1104 517 1166 ir
534 1125 588 1178 m,
607 1115 640 1171 et
656 1125 695 1171 ex
711 1103 814 1170 ductu
834 1107 852 1169 b
869 1126 890 1190 9
911 1105 943 1169 in
961 1126 980 1187 9
999 1104 1241 1192 dproueniatk
1258 1105 1281 1181 i,
1294 1116 1344 1172 est
1353 1107 1465 1194 ergolr
1483 1127 1523 1170 or.
1537 1106 1586 1171 Η.

497 1240 530 1294 et
553 1229 574 1300 L·
598 1232 608 1292 t
629 1239 687 1294 est.
712 1230 742 1294 6.
766 1240 816 1295 est
834 1249 913 1318 ergo
932 1231 1017 1296 siout
1036 1253 1085 1297 ez
1110 1231 1152 1298 ad
1175 1255 1195 1296 z
1219 1235 1251 1303 i,
1275 1230 1338 1298 hoo
1361 1242 1412 1298 est
1434 1232 1521 1297 siout
1537 1251 1587 1311 oo

497 1356 539 1422 ad
559 1357 584 1435 d
594 1379 637 1444 9,
661 1358 706 1423 ita
729 1357 750 1421 k
771 1357 864 1424 mad
888 1357 957 1433 kt,
977 1370 1009 1424 et
1028 1381 1067 1425 ex
1086 1358 1222 1426 duntur
1245 1383 1265 1425 z
1286 1362 1318 1424 in
1341 1363 1361 1424 ic
1384 1361 1395 1423 i
1419 1359 1587 1445 proueniat

496 1508 513 1549 o
531 1508 574 1574 p,
598 1495 630 1552 et
651 1504 692 1550 ex
710 1482 813 1551 ductu
836 1506 853 1549 z
873 1489 883 1549 i
907 1485 939 1550 in
962 1488 982 1550 k
1004 1507 1037 1550 m
1053 1486 1226 1574 proueniat
1245 1508 1269 1572 p
1290 1507 1332 1573 9,
1354 1485 1490 1572 equales
1505 1485 1586 1551 enim

494 1622 572 1678 sunt
592 1633 609 1676 o
624 1634 648 1698 p
666 1621 699 1677 et
718 1633 786 1698 99.
806 1613 1034 1700 Vnusquisque
1055 1633 1171 1678 eornm
1189 1623 1249 1679 est.
1265 1613 1319 1677 nt,
1338 1613 1421 1677 Nam
1440 1634 1459 1676 o
1473 1633 1499 1699 p
1514 1630 1587 1677 oon-

496 1750 561 1804 stat
593 1759 633 1803 ex
667 1745 743 1805 run⁰¹
780 1739 984 1825 imparibus,
1019 1742 1077 1829 qni
1112 1752 1188 1808 sunt
1222 1741 1311 1807 cirea
1343 1739 1365 1803 ic
1398 1739 1419 1803 Ι.
1449 1742 1493 1813 6,
1530 1736 1588 1803 hoo

496 1866 584 1931 circa
602 1867 622 1929 k
640 1865 666 1940 i,
686 1878 819 1953 propter
840 1887 888 1932 ez
913 1867 970 1954 qui
989 1877 1048 1933 est.
1070 1868 1100 1932 i.
1114 1919 1122 1944 ,
1138 1867 1270 1956 quibus.
1291 1869 1321 1933 t.
1347 1865 1470 1933 additis
1493 1887 1589 1954 super

499 1989 565 2065 rt,
590 1991 686 2058 iaciat
709 1995 729 2058 ic
749 2013 792 2065 o,
814 2013 891 2082 ergo
915 1996 934 2058 ir
957 2014 978 2057 o
1002 2005 1060 2058 est.
1080 1996 1133 2059 to.
1158 1994 1307 2060 similiter
1322 1995 1490 2060 extractis.
1509 1995 1589 2061 tex

497 2123 517 2184 ic
538 2121 552 2184 l
575 2130 740 2187 remaneat
764 2119 785 2183 ic
808 2121 841 2194 ir,
864 2141 941 2209 ergo
965 2121 1024 2187 kt
1045 2133 1105 2188 est.
1125 2125 1156 2187 2.
1178 2123 1303 2190 Rursus
1318 2120 1432 2189 addito
1452 2141 1589 2213 numero

497 2254 562 2326 zi,
585 2251 718 2317 scilicet.
734 2252 764 2315 2.
784 2252 987 2336 superitur,
1012 2248 1200 2329 iaciatic03
1226 2269 1304 2338 orgo
1328 2251 1348 2315 it
1373 2273 1391 2316 0
1412 2251 1545 2316 esttt.
1560 2260 1590 2316 et

496 2400 517 2441 rr
536 2401 553 2443 c
569 2388 627 2443 est.
647 2379 675 2441 t.
691 2428 698 2450 ,
717 2383 751 2442 in
769 2376 890 2464 quibus
905 2388 980 2446 sunt
1003 2376 1071 2445 duo
1088 2378 1242 2465 impares,
1258 2378 1393 2445 scilicet.
1411 2381 1522 2444 tter.
1536 2378 1588 2444 i3.

495 2521 526 2570 et
544 2515 621 2571 sunt
640 2506 728 2570 circa
751 2525 923 2571 numerum
948 2507 1032 2578 itm,
1056 2503 1179 2570 scilicet
1198 2505 1297 2570 circa.
1317 2506 1361 2570 t2
1382 2503 1442 2593 qui
1467 2504 1591 2571 iaciunt

497 2652 671 2697 numerum
691 2653 716 2717 p
733 2651 763 2718 9.
781 2633 867 2719 Ergo
886 2631 1013 2717 primus
1031 2627 1239 2717 quadratus,
1262 2629 1387 2695 scilicet
1402 2650 1420 2695 r
1437 2653 1471 2706 o,
1483 2639 1544 2696 est.
1561 2631 1591 2695 t.

497 2760 590 2824 cuius
613 2756 705 2823 radix
727 2767 777 2823 est
805 2756 976 2823 dimidium
1000 2757 1129 2822 numeri
1163 2759 1182 2820 ir
1213 2756 1254 2830 ir,
1290 2755 1425 2822 scilicet.
1464 2758 1496 2821 i.
1537 2755 1592 2821 Se·

496 2884 622 2951 nundus
641 2904 721 2951 uero
742 2883 944 2973 quadratus,
967 2882 1090 2950 scilicet
1111 2904 1130 2947 r
1149 2895 1269 2971 p‚est.
1289 2884 1344 2948 25.
1371 2883 1469 2948 cuius
1499 2879 1593 2947 radix

494 3023 543 3076 ost
565 3010 737 3077 dimidium
761 3012 887 3077 numeri
912 3014 932 3075 ir
970 3033 1010 3083 n,
1033 3009 1121 3099 quod
1156 3021 1214 3075 est.
1241 3011 1270 3074 5.
1299 3008 1428 3074 Tertius
1455 3005 1592 3095 quidem

494 3139 696 3227 quadratus,
718 3140 840 3206 scilicet
863 3161 881 3205 r
900 3161 942 3229 9,
964 3152 1023 3207 eet.
1045 3139 1098 3204 to.
1122 3138 1217 3204 cuius
1238 3135 1328 3202 radix
1344 3145 1395 3203 est
1414 3134 1591 3202 dimidium

494 3267 619 3332 numeri
644 3268 664 3330 k
687 3288 724 3342 c,
747 3265 836 3354 quod
860 3279 918 3332 est.
944 3267 975 3332 7.
998 3264 1040 3329 Et
1073 3274 1208 3337 notum,
1241 3263 1329 3350 quia.
1363 3262 1421 3328 ut.
1445 3270 1498 3327 est
1527 3260 1593 3348 pri-

368 3457 372 3464 .
413 3438 473 3464 ω...
495 3414 586 3457 mum
605 3395 612 3478 Ι
632 3413 824 3481 congruum,
843 3413 918 3458 cum
937 3393 980 3457 sit
1000 3391 1106 3456 minor
1123 3410 1300 3464 numerus,
1320 3390 1417 3454 ouius
1435 3390 1528 3457 20³²*
1542 3390 1593 3454 ἅθ’

495 3540 571 3608 pars
593 3522 635 3585 sit
657 3522 804 3609 integra,
828 3532 860 3586 et
876 3520 1001 3585 oriatur
1019 3539 1060 3584 ex
1086 3515 1217 3583 duobus
1236 3517 1423 3584 minoribus
1444 3519 1592 3586 numeris

493 3668 607 3736 parem
626 3670 799 3714 numerum
822 3647 1039 3721 iacientibus,
1064 3644 1188 3712 scilicet
1207 3665 1247 3711 ex
1266 3666 1332 3712 uno
1356 3659 1389 3713 et
1409 3649 1441 3714 3.

563 3776 687 3840 Rursus
702 3796 743 3841 ex
761 3773 907 3840 numeris
924 3795 945 3841 a
961 3777 978 3839 o
995 3785 1028 3841 et
1048 3775 1100 3859 op
1124 3773 1322 3840 coniunctus
1341 3773 1380 3838 fit
1398 3776 1511 3864 impar
1528 3775 1591 3868 (t),
1622 3784 1630 3803 '

491 3910 525 3968 et
536 3899 715 3967 aufferatur
728 3900 782 3966 ab
797 3921 838 3967 ex
851 3898 911 3983 hp,
927 3910 961 3966 et
976 3899 1018 3966 sit
1030 3897 1198 3964 residuum
1217 3918 1331 3965 eorum
1350 3921 1512 3969 numerus
1524 3925 1547 3990 9
1559 3904 1589 3969 d.

493 4027 535 4091 Et
551 4030 593 4092 sit
608 4027 774 4115 proportio
792 4027 918 4092 numeri
936 4047 955 4108 9
970 4022 1042 4090 bad
1061 4027 1114 4088 bo
1128 4025 1233 4089 minor
1249 4028 1463 4112 proportione
1477 4050 1499 4096 a
1506 4051 1528 4116 9
1545 4029 1588 4095 ad

494 4152 552 4233 pri.
569 4151 740 4218 Inueniam
757 4172 870 4217 rursus
880 4150 963 4217 duas
974 4149 1201 4217 multitudines
1213 4152 1390 4219 continuas
1408 4153 1590 4242 imparium

496 4275 528 4339 in
543 4276 752 4365 proportione
766 4275 935 4363 quamhab
956 4277 1060 4359 etpb
1082 4274 1122 4340 ad
1144 4278 1209 4349 ou,
1228 4299 1295 4344 una
1313 4300 1449 4368 qnoque
1474 4282 1590 4347 multi·

495 4399 606 4468 tudine
639 4403 865 4492 procreabitur
893 4422 1076 4490 congruum
1113 4403 1276 4472 unitatum
1301 4404 1409 4472 idem:
1436 4407 1589 4476 adiaceat

496 4526 606 4614 itaque
627 4550 783 4597 numerus
806 4541 818 4594 t
839 4529 960 4617 duplus
982 4529 1109 4596 numeri
1135 4532 1152 4594 o
1175 4552 1210 4611 9,
1234 4543 1267 4597 ot
1297 4554 1461 4602 numerus
1484 4557 1501 4601 s
1523 4535 1586 4602 du-

566 4695 600 4752 (tj
619 4692 682 4739 Vedi
699 4694 751 4754 fig.
769 4691 808 4742 27.
