4175 5792
512 727 553 791 lt

510 873 550 954 de
563 874 640 948 480,
654 883 685 937 et
697 870 914 959 superaddam
936 874 948 935 l
964 921 969 941 ,
986 880 1017 935 et
1035 867 1164 933 habebo
1182 868 1223 932 li
1240 885 1300 953 pro
1317 863 1468 948 bizantijs
1484 864 1595 952 quarti

514 998 662 1064 hominis.

619 1255 741 1333 (laestio
764 1249 871 1316 similis
894 1251 1102 1337 suprascripte
1124 1250 1159 1314 dc
1182 1251 1279 1315 tribus
1303 1249 1485 1314 hominibus.

576 1508 652 1573 lmu
671 1509 745 1574 Tres
764 1504 911 1572 homines
936 1504 1101 1573 habebant
1124 1506 1296 1582 bizantioS,
1319 1517 1352 1573 et
1375 1526 1451 1572 cum
1471 1506 1600 1594 primus

510 1632 728 1720 duplicauerit
742 1631 904 1698 bizantios
919 1632 1136 1721 reliquorum,
1156 1653 1216 1700 neo
1236 1653 1299 1700 non
1318 1646 1350 1700 et
1369 1634 1533 1702 addiderit
1550 1635 1597 1702 eis

510 1757 717 1824 medietatem
732 1760 954 1847 omniumque
968 1757 1148 1832 habebant,
1161 1771 1193 1825 et
1205 1759 1368 1826 secundus
1382 1761 1596 1848 triplicauerit

388 1937 392 1944 .
412 1917 480 1945 ture
511 1885 670 1953 bizantios
689 1887 773 1974 tertij
786 1899 818 1954 et
830 1888 925 1976 primi
945 1886 1101 1962 hominis,
1118 1896 1150 1953 et
1166 1885 1328 1954 addiderit
1342 1887 1389 1954 eis
1402 1890 1535 1956 tertiam
1547 1887 1596 1955 bi·

508 2013 691 2079 zantiorum
713 2015 870 2102 ipsorum,
890 2027 922 2082 ot
941 2016 1065 2081 Tertius
1080 2014 1345 2104 quadruplioauit
1365 2016 1527 2083 bizantios
1547 2039 1597 2084 re-

509 2142 687 2229 liquorum,
704 2152 735 2207 et
754 2140 916 2208 addiderit
928 2143 974 2208 eis
986 2151 1138 2230 quartam
1158 2140 1377 2209 bizantiorum
1388 2143 1594 2231 ipsorum‚et

509 2267 624 2336 habuit
640 2271 863 2358 unusquisque
881 2291 976 2337 suam
1000 2271 1196 2358 portionem,
1218 2271 1341 2337 scilicet
1361 2273 1502 2338 tertiam.

575 2396 747 2463 Sciendum
767 2408 816 2463 est
851 2398 1014 2485 primum,
1039 2395 1129 2484 quod
1161 2397 1294 2485 quaudo
1318 2398 1427 2487 aliqua
1458 2421 1508 2467 res
1533 2400 1594 2466 du-

510 2522 650 2610 plicatur
672 2533 704 2590 et
726 2523 858 2590 additur
879 2544 978 2610 super
999 2544 1072 2589 eam
1099 2523 1254 2590 medietas
1272 2526 1356 2602 eius,
1374 2536 1451 2592 tunc
1468 2528 1524 2594 illa
1544 2550 1594 2596 res

509 2656 558 2721 sui
582 2654 672 2742 dupli
695 2664 728 2719 et
750 2652 874 2718 dimidii
898 2663 947 2718 est
970 2656 993 2729 ξ.
1018 2650 1172 2718 Similiter
1202 2673 1277 2718 cum
1313 2655 1422 2744 aliqua
1456 2678 1508 2724 res
1539 2657 1595 2723 tri-

508 2783 648 2871 plicatur
670 2791 702 2847 et
726 2781 858 2847 additur
880 2782 909 2846 ei
934 2782 1028 2848 tertia
1052 2800 1128 2868 pars
1152 2782 1219 2857 sui,
1235 2792 1314 2849 tunc
1332 2782 1386 2848 illa
1401 2805 1452 2850 res
1467 2789 1518 2852 sui
1539 2788 1597 2852 tri-

509 2908 553 2996 pli
576 2921 608 2973 et
631 2909 725 2974 tertie
747 2908 816 2973 eius
839 2917 888 2972 ost
910 2910 949 2986 iu·
968 2905 1158 2995 Eodemque
1177 2906 1297 2986 modo,
1320 2930 1395 2976 cum
1412 2911 1523 3001 aliqua
1543 2935 1594 2981 res

508 3033 779 3123 quadruplicatur
802 3044 834 3100 et
858 3032 989 3100 additur
1010 3035 1039 3100 ei
1063 3044 1181 3122 quarta
1205 3035 1306 3123 ipsius
1328 3037 1393 3113 rei,
1434 3049 1513 3105 tunc
1539 3039 1594 3106 illa

508 3185 559 3230 res
581 3185 621 3230 ex
643 3162 817 3252 quadrupli
841 3164 890 3229 sui
915 3174 947 3230 et
970 3174 1087 3251 quarte
1109 3174 1159 3228 est
1175 3169 1218 3243 ir·
1232 3184 1334 3251 quare
1349 3185 1468 3252 ponam
1491 3167 1523 3232 iu
1542 3187 1596 3233 or-

509 3290 583 3359 dine
600 3295 629 3373 7⁴1
650 3295 678 3371 ἦ,
702 3295 739 3370 ξ,
763 3302 795 3356 et
821 3289 973 3356 imitabor
997 3291 1140 3378 primum
1165 3291 1313 3357 ultimam
1339 3292 1484 3381 regulam
1520 3317 1593 3384 pre-

507 3418 641 3496 dictam,
662 3419 723 3484 hoc
742 3429 790 3484 est
808 3437 885 3483 cum
905 3415 1130 3505 multiplicabo
1144 3420 1164 3482 5
1180 3418 1308 3484 uicibus
1321 3421 1379 3495 l0,
1391 3420 1522 3487 uicibus
1536 3426 1548 3489 l
1560 3425 1590 3500 7,

507 3565 570 3630 que
593 3553 668 3609 sunt
697 3542 760 3609 sub
783 3543 897 3630 uirgis,
921 3543 1052 3608 uenient
1075 3544 1140 3608 850
1164 3563 1223 3630 pro
1254 3545 1349 3610 tertia
1373 3557 1466 3631 parte
1490 3550 1593 3615 totius

507 3691 634 3735 summe
656 3689 791 3744 corum,
815 3690 898 3758 quos
923 3669 1146 3757 multiplicabo
1170 3692 1226 3758 per
1249 3673 1292 3746 3,
1316 3683 1448 3760 propter
1486 3672 1592 3741 homi-

509 3817 565 3862 nes
580 3796 637 3884 qui
653 3808 729 3861 sunt
754 3808 834 3869 tres,
858 3808 890 3862 et
912 3806 1007 3863 erunt
1031 3796 1164 3880 bizantij
1182 3797 1270 3862 2550
1286 3818 1346 3882 pro
1362 3808 1431 3864 tota
1445 3820 1589 3875 summa,

507 3936 538 3991 ot
561 3921 728 3990 extraham
752 3927 766 4001 ξ
788 3921 828 3990 de
850 3944 915 3990 uno
940 3925 1086 4010 integro,
1113 3922 1327 3989 remanebunt
1346 3928 1374 4003 ξ,
1392 3946 1451 4012 pro
1467 3924 1591 4014 quibus

508 4054 664 4143 accipiam
681 4055 695 4130 Ξ
711 4050 752 4116 de
763 4052 866 4126 2550,
883 4061 915 4117 et
926 4047 1144 4138 superaddam
1157 4049 1316 4117 bizantios
1328 4052 1382 4126 at,
1399 4052 1592 4140 qui‘proue-

507 4181 603 4246 niunt
622 4202 661 4246 ex
684 4181 704 4243 ‘a'
727 4177 856 4243 uicibus
880 4179 920 4247 3,
945 4173 1074 4241 uicibus
1098 4176 1138 4244 l,
1161 4197 1225 4263 que
1248 4187 1323 4242 sunt
1346 4198 1445 4264 super
1468 4179 1587 4267 uirgis,

506 4321 600 4373 erunt
624 4308 725 4379 l55l,
749 4316 781 4370 et
805 4314 851 4369 tot
868 4301 982 4367 habuit
999 4302 1133 4394 primus.
1155 4304 1195 4367 Et
1214 4302 1382 4370 extraham
1405 4309 1436 4382 ἦ,
1455 4303 1496 4370 de
1520 4327 1587 4372 uno

505 4433 642 4520 integro,
668 4430 881 4498 remanebunt
903 4432 931 4506 ἦ
955 4448 1014 4514 pro
1037 4428 1157 4515 quibus
1189 4430 1345 4517 accipiam
1369 4433 1398 4509 ἧ
1420 4431 1461 4498 de
1483 4435 1585 4507 2550,

506 4575 537 4627 ot
560 4560 776 4647 superaddam
801 4562 858 4633 60,
883 4578 946 4646 que
969 4558 1163 4643 proueniunt
1187 4580 1224 4623 ox
1251 4558 1518 4644 multiplicatione
1544 4560 1586 4626 de
