4175 5792
504 705 547 769 ol

346 874 376 920 nr-
389 879 411 914 ao
421 888 480 918 mc.
503 855 624 942 qulbus
639 855 746 922 ductis
762 877 820 944 per
836 860 880 925 24
892 858 1015 924 iaciunt
1027 858 1092 924 840
1113 909 1120 934 ‚
1141 857 1147 947 Ι
1166 858 1222 945 qui
1239 867 1288 924 est
1304 877 1502 944 congruum,
1516 873 1584 942 pro-

503 983 592 1050 uenit
609 985 708 1051 etiam
725 1007 764 1051 ex
784 986 935 1073 quinario
958 995 990 1052 et
1012 985 1197 1074 septenario
1216 984 1467 1061 adiacentibus,
1488 1002 1586 1071 quare

504 1112 670 1200 proportio
687 1113 791 1201 prime
803 1111 1020 1181 multitudinis
1038 1113 1212 1201 imparium
1224 1111 1266 1177 ad
1280 1111 1528 1178 multitudinem
1539 1129 1585 1175 se-

503 1237 648 1304 cundum
666 1249 716 1304 εει
735 1239 830 1304 siout.
844 1241 875 1303 7.
893 1237 933 1305 ad
954 1242 985 1306 5.
1014 1249 1051 1305 ut
1065 1239 1216 1327 superius
1233 1248 1403 1305 ostensum
1418 1247 1478 1304 est.

567 1364 600 1430 Sr
623 1383 804 1452 congruum
829 1363 962 1454 aliquod
991 1385 1067 1431 cum
1104 1365 1172 1431 suis
1204 1362 1374 1452 quadratis
1394 1360 1585 1450 multiplice

502 1500 555 1556 tur
577 1512 635 1579 per
658 1489 800 1577 aliquem
823 1490 1048 1615 quadruqum
1071 1512 1228 1558 numerus
1251 1490 1356 1557 lactus
1374 1511 1414 1557 ex
1434 1487 1586 1575 multipli-

500 1618 627 1684 catione
649 1617 784 1705 congrui
799 1616 832 1682 in
846 1615 1047 1706 quadratum
1064 1638 1244 1708 congruum
1266 1618 1342 1693 erit,
1365 1618 1483 1707 reliqui
1507 1636 1584 1705 qua-

500 1743 586 1811 drali
603 1754 698 1811 erunt
718 1754 932 1828 congruentes
951 1744 1037 1812 facto
1053 1765 1209 1835 congruo.
1229 1746 1276 1812 Sit
1291 1749 1347 1812 ab
1369 1743 1413 1836 (l)
1445 1742 1586 1833 quadra-

478 1883 573 1977 ⁸tus,
596 1882 628 1938 et
648 1870 666 1936 b
684 1893 703 1954 9
723 1871 764 1936 sit
782 1890 981 1960 congruum,
1001 1883 1033 1939 et
1056 1895 1075 1956 9
1100 1873 1121 1938 d
1142 1873 1184 1938 sit
1203 1873 1329 1962 equalis
1352 1891 1493 1938 numero
1511 1869 1529 1935 b
1544 1891 1585 1956 9,

498 1998 648 2088 quadrati
671 2019 749 2088 ergo
772 2009 869 2066 erunt
890 2000 1018 2066 numeri
1041 2022 1063 2068 o
1082 2023 1103 2088 9
1127 2011 1159 2068 et
1181 2023 1203 2068 o
1221 2001 1262 2081 ἀς
1288 2012 1320 2067 et
1343 1999 1494 2066 adiaceat
1516 2001 1586 2088 qui-

456 2109 458 2112 ⁴
498 2123 573 2192 dam
596 2123 779 2213 quadratus
802 2147 959 2194 numerus
981 2150 1006 2192 e.
1027 2126 1107 2192 Dioo
1131 2125 1219 2213 quod
1245 2125 1276 2192 id
1295 2124 1384 2215 quod
1405 2124 1442 2191 fit
1459 2147 1500 2193 ex
1523 2127 1586 2190 ein

496 2268 641 2338 congruo
666 2248 923 2340 b9congruum
946 2253 1028 2323 erit,
1052 2263 1084 2318 ct
1110 2253 1251 2328 numeri,
1274 2252 1331 2341 qui
1355 2250 1434 2318 fient
1450 2273 1493 2318 ex
1514 2275 1530 2318 c
1554 2253 1584 2317 in

496 2377 666 2466 quadratis
689 2400 709 2444 o
732 2382 799 2454 o,c
821 2402 855 2463 9,
879 2382 953 2454 od,
977 2378 1128 2467 quadrati
1148 2391 1243 2445 erunt
1267 2388 1486 2467 congruentes
1510 2399 1586 2445 con·

495 2527 577 2595 gruo
600 2506 686 2573 lacto
708 2529 747 2573 ex
769 2531 785 2571 e
807 2509 840 2571 in
865 2505 928 2589 b9.
950 2507 997 2572 Ex
1016 2506 1119 2572 ductu
1143 2504 1277 2594 quidem
1291 2506 1584 2595 cxciuobpro-

496 2637 608 2701 ueniat
631 2637 696 2709 zi,
720 2646 752 2701 et
775 2656 815 2700 ex
838 2633 940 2700 ductu
965 2657 981 2700 e
1003 2633 1036 2696 in
1060 2653 1081 2697 o
1103 2656 1134 2716 9,
1161 2633 1373 2718 proueniatz
1400 2643 1425 2708 l,
1450 2645 1483 2700 et
1506 2656 1585 2701 exc

465 2738 468 2745 Ι
495 2764 528 2828 in
551 2785 571 2829 o
590 2766 611 2828 d
637 2762 809 2850 proueniat
833 2785 849 2826 z
873 2764 902 2827 lc.
940 2763 983 2827 El
1005 2761 1162 2848 quoniam
1185 2782 1225 2826 ex
1247 2782 1262 2825 e
1284 2759 1446 2848 quadrato
1471 2761 1505 2826 in
1526 2784 1583 2844 o9

494 2890 692 2978 quadratum
709 2872 887 2979 prouenitz
901 2902 927 2966 l,
944 2887 1126 2978 quadratus
1138 2901 1187 2955 est
1198 2909 1276 2977 ergo
1292 2890 1392 2955 oliam
1410 2911 1428 2954 z
1448 2900 1471 2965 l,
1491 2900 1584 2957 etesi

493 3039 513 3082 z
532 3027 544 3082 l
560 3018 686 3105 equalis
698 3015 829 3082 duobus
840 3019 996 3093 numeris,
1008 3018 1065 3105 qui
1082 3015 1166 3082 fiunt
1183 3037 1221 3083 ex
1240 3017 1430 3105 quadraloe
1447 3017 1481 3082 in
1500 3038 1583 3105 qua-

496 3142 628 3210 dratum
649 3150 711 3219 ab,
731 3154 763 3210 et
786 3163 967 3232 congruum
988 3147 1050 3227 b9.
1067 3143 1128 3210 Sed
1146 3144 1178 3210 id
1198 3144 1287 3233 quod
1307 3144 1342 3209 fir
1361 3166 1400 3211 ex
1417 3144 1583 3232 quadrato

491 3293 507 3336 c
535 3273 567 3337 iu
590 3271 789 3360 quadratum
812 3293 832 3337 a
856 3275 890 3348 o,
912 3282 961 3338 est
984 3293 1141 3339 numerus
1165 3295 1185 3338 z
1208 3276 1229 3338 i.
1254 3273 1410 3360 Reliquus
1432 3293 1511 3361 ergo
1533 3276 1546 3337 i
1570 3286 1581 3337 t

493 3411 683 3486 procreatus
704 3421 744 3466 ex
766 3422 781 3464 e
805 3400 838 3464 in
861 3419 1040 3488 congruum
1067 3399 1086 3464 b
1107 3422 1136 3483 9.
1161 3402 1202 3466 El
1233 3402 1390 3489 quoniam
1424 3400 1581 3489 quadrati

492 3538 568 3591 sunt
591 3529 715 3592 numeri
739 3548 755 3591 e
777 3537 809 3593 el
832 3547 852 3592 α
876 3526 908 3602 b,
932 3525 1037 3593 lactus
1060 3549 1099 3593 ex
1121 3529 1168 3596 eis
1189 3528 1372 3617 quadratus
1394 3539 1459 3605 cst,
1498 3550 1580 3618 qua·

490 3650 604 3718 dratus
625 3663 674 3719 esl
689 3674 766 3741 ergo
782 3674 937 3719 numerus
956 3677 975 3719 z
995 3657 1015 3719 i.
1037 3656 1161 3722 Rursus
1176 3656 1332 3744 quoniam
1352 3678 1392 3722 ex
1411 3655 1578 3744 quadrato

488 3802 504 3845 c
528 3781 560 3845 in
580 3779 778 3868 quadratum
802 3801 822 3844 o
845 3780 867 3844 d
892 3779 996 3845 lactus
1018 3793 1067 3846 est
1091 3802 1288 3849 numerusz
1322 3781 1363 3857 lc,
1391 3780 1577 3869 quadratus

488 3928 564 3997 ergo
587 3921 637 3974 est
660 3929 678 3972 z
702 3913 735 3982 lr,
758 3920 790 3974 et
813 3918 861 3974 est
884 3908 1010 3996 equalis
1032 3907 1163 3974 duobus
1182 3909 1336 3982 numeris,
1356 3908 1412 3997 qui
1432 3906 1516 3974 liunt
1534 3929 1575 3974 ox

488 4033 589 4101 ductu
613 4058 628 4100 e
652 4036 683 4099 in
707 4038 891 4103 numer-iso
917 4061 936 4118 9
959 4049 991 4102 et
1014 4058 1032 4118 9
1057 4036 1087 4100 d.
1106 4034 1168 4101 Sed
1184 4036 1381 4119 exeino9
1402 4034 1510 4102 lactus
1526 4048 1575 4102 est

486 4160 667 4250 quadratus
690 4184 709 4226 z
735 4172 754 4225 t.
780 4161 933 4249 Reliquus
955 4180 1032 4250 ergo
1057 4157 1114 4225 al
1136 4159 1173 4224 lit
1195 4181 1235 4224 ex
1256 4180 1272 4224 c
1297 4159 1328 4245 in
1346 4181 1364 4243 9
1384 4160 1413 4226 d.
1431 4161 1472 4224 Et
1492 4180 1575 4249 quo·

486 4288 573 4353 niam
598 4287 722 4376 equalis
744 4299 793 4352 cst
817 4308 971 4353 numerus
996 4291 1013 4351 l
1034 4309 1053 4369 9
1077 4306 1212 4354 numero
1232 4308 1251 4369 9
1271 4291 1303 4362 (l,
1327 4287 1453 4375 equalis
1475 4299 1574 4354 crunt

486 4415 590 4480 lactus
612 4438 687 4482 exe
714 4417 745 4479 in
772 4418 789 4478 b
812 4437 830 4497 9
855 4414 939 4480 lacto
963 4436 1002 4480 ex
1026 4437 1041 4479 e
1065 4417 1097 4479 in
1119 4437 1137 4498 9
1162 4418 1204 4493 ‹l;
1226 4414 1330 4480 lactus
1353 4425 1463 4480 aulem
1495 4436 1575 4480 oxo

483 4541 516 4603 in
539 4543 556 4603 l
575 4561 595 4625 9
618 4550 666 4606 est
690 4546 738 4605 il.
764 4541 849 4628 Ergo
871 4542 884 4604 i
907 4553 917 4609 t
940 4540 1064 4628 equalis
1086 4552 1134 4608 cst
1161 4562 1297 4608 numero
1323 4551 1333 4606 l
1357 4544 1391 4613 lc,
1416 4542 1442 4606 si
1468 4563 1570 4630 super

540 4725 572 4783 nr
590 4721 653 4771 vau
669 4722 721 4784 ng.
740 4723 777 4771 rs.
