4175 5792
488 697 531 762 ot

492 841 638 908 ordinate
654 840 826 929 disposita,
843 862 941 930 super
959 862 1058 930 quem
1075 842 1173 908 etiam
1189 838 1369 908 secundum
1385 838 1586 928 quadratum

339 995 472 1054 congruum
494 971 519 1035 si
544 968 685 1036 addatur
713 991 871 1036 numerus
905 968 1012 1046 idem,
1036 969 1093 1059 qui
1116 979 1253 1036 uocetur
1276 988 1486 1057 congruum,
1508 968 1589 1057 quia

495 1099 643 1186 congruit
667 1095 739 1174 his,
764 1096 840 1163 facit
865 1097 1024 1163 maiorem
1037 1096 1257 1186 quadratum,
1281 1097 1338 1185 qui
1362 1097 1463 1163 etiam
1481 1097 1588 1161 maior

491 1225 674 1315 quadratus
696 1223 861 1313 egreditur
884 1246 924 1292 ex
946 1225 1056 1314 aliqua
1072 1223 1281 1292 multitudine
1300 1223 1479 1313 imparium
1497 1223 1588 1289 simi-

493 1351 565 1417 liter
588 1350 631 1416 ab
645 1350 771 1417 unitate
795 1362 951 1437 accepta,
976 1351 1009 1416 in
1027 1371 1094 1438 qua
1118 1350 1325 1416 multitudine
1344 1358 1414 1414 tota
1435 1359 1488 1416 est
1503 1348 1589 1415 mul-

495 1474 600 1541 titudo
624 1475 798 1563 imparium
832 1474 1019 1542 facientium
1044 1479 1187 1566 primum
1209 1476 1429 1566 quadratum,
1466 1488 1500 1544 et
1524 1478 1589 1544 alia

496 1602 670 1669 multitudo
704 1602 889 1669 facientium
904 1624 1097 1693 congruum
1121 1604 1229 1681 idem,
1259 1614 1291 1671 et
1319 1604 1384 1671 alia
1407 1603 1588 1671 multitudo

496 1732 683 1797 facientium
708 1731 847 1798 eundem
876 1732 962 1799 idem
981 1752 1174 1821 congruum.
1198 1733 1308 1811 Quare
1323 1730 1504 1799 multitudo
1530 1735 1590 1799 im-

495 1860 623 1946 parium
652 1857 838 1926 facientium
868 1861 1024 1927 maiorem
1048 1860 1246 1948 quadratum
1270 1858 1449 1927 diuidenda
1481 1861 1589 1927 estin

495 1994 561 2052 tres
584 1998 692 2073 partes
711 1987 882 2075 predictas.
913 1987 975 2054 Sed
994 1987 1171 2056 multitudo
1194 1989 1369 2076 imparium
1394 1989 1588 2057 facientium

495 2115 637 2201 primum
660 2134 842 2203 congruum
867 2126 914 2181 est
949 2116 981 2180 in
1006 2115 1117 2204 aliqua
1140 2117 1350 2204 proportione
1373 2138 1451 2184 cum
1478 2119 1589 2184 multi-

495 2242 605 2310 tudine
626 2241 812 2310 facientium
831 2243 1032 2311 secundum:
1053 2244 1162 2331 plures
1184 2244 1271 2310 enirn
1291 2244 1417 2310 numeri
1442 2245 1588 2332 impares

496 2384 573 2439 suut
594 2374 627 2438 iu
646 2373 871 2439 multitudines
886 2371 1074 2440 facientium
1094 2373 1235 2461 primum
1255 2391 1460 2460 congruum,
1483 2394 1587 2462 quam

495 2502 704 2570 multitudine
738 2503 926 2570 facientium
950 2500 1151 2576 secundum,
1186 2522 1262 2567 cum
1291 2501 1432 2566 minores
1455 2503 1587 2569 numeri

493 2632 614 2696 sintin
651 2633 719 2720 ipsa
756 2643 889 2720 propter
922 2629 1068 2697 ordinem
1097 2651 1330 2706 numerorum,
1354 2633 1433 2719 quia
1456 2630 1491 2696 in
1515 2631 1588 2717 ipsa

495 2772 571 2825 sunt
594 2758 820 2826 antecedentes
843 2759 1003 2846 impares,
1027 2769 1060 2824 et
1084 2759 1116 2823 in
1142 2758 1204 2824 alia
1235 2770 1312 2825 sunt
1336 2753 1587 2847 consequentes.

493 2885 583 2953 Vnde
605 2885 745 2975 qualiter
768 2906 946 2975 congruum
965 2886 1151 2953 inueniatur
1170 2887 1202 2951 in
1220 2885 1330 2974 aliqua
1348 2884 1427 2950 data
1448 2904 1588 2973 propor-

426 3006 434 3015 ’
495 3015 582 3080 tione
605 3015 638 3081 in
661 3035 728 3102 qua
753 3035 824 3082 esse
838 3014 978 3103 poterit,
1008 3013 1178 3079 ostendere
1200 3012 1462 3100 procurabimus.
1489 3011 1589 3080 Adia-

494 3153 590 3207 ceant
612 3141 678 3209 duo
702 3142 839 3230 quilibet
862 3143 989 3209 numeri
1012 3163 1032 3206 a
1053 3139 1091 3215 b,
1119 3143 1135 3205 d
1155 3163 1175 3226 9
1194 3138 1262 3230 (ll3
1288 3140 1492 3228 compositus
1515 3141 1590 3228 qui-

379 3322 383 3331 .
454 3306 475 3330 e
497 3268 571 3335 dem
588 3291 629 3337 ex
644 3271 722 3358 ipsis
737 3281 923 3357 estop‚et
938 3271 1048 3350 sitbp
1069 3267 1075 3354 Ι
1097 3269 1199 3333 maior
1214 3267 1589 3356 quamobsecundum

493 3398 709 3484 quantitatem
733 3401 859 3466 numeri
884 3399 954 3481 dp.
979 3399 1011 3463 Si
1035 3418 1192 3463 numerus
1218 3396 1350 3485 quidem
1376 3399 1433 3482 dp
1459 3395 1502 3462 ad
1526 3419 1588 3464 nu-

493 3547 620 3591 merum
642 3549 663 3592 a
685 3529 703 3591 b
724 3527 881 3592 minorem
907 3526 1149 3614 proportionem
1173 3522 1325 3589 habuerit
1345 3543 1447 3610 quam
1470 3544 1587 3589 nume-

495 3671 551 3715 rus
573 3671 630 3733 oq
654 3650 694 3716 ad
720 3673 893 3718 numerum
909 3653 931 3718 d
942 3673 977 3738 9,
999 3661 1077 3718 tunc
1097 3650 1251 3740 possibile
1266 3651 1325 3716 erit
1346 3650 1493 3716 inuenire
1509 3669 1588 3717 con-

493 3796 612 3862 gruum
635 3797 675 3842 ex
698 3796 765 3842 una
800 3777 1008 3844 multitudine
1038 3778 1212 3864 imparium
1237 3774 1379 3842 habente
1403 3775 1589 3864 proportio-

492 3922 565 3968 nem
587 3899 629 3969 ad
647 3902 888 3970 multitudinem
909 3905 1115 3993 sequentium
1131 3903 1321 3990 imparium,
1341 3924 1415 3968 eam
1433 3901 1587 3968 videlicet

491 4051 592 4116 quam
616 4029 715 4096 haltet
738 4052 936 4119 numerusq
961 4035 978 4096 b
1002 4029 1043 4096 ad
1068 4050 1242 4095 numerum
1266 4050 1287 4093 a
1310 4031 1350 4108 b;
1374 4040 1406 4095 et
1434 4029 1461 4094 si
1482 4030 1590 4095 maior

492 4157 586 4224 fuerit
611 4159 778 4247 proportio
802 4161 929 4225 numeri
950 4162 1004 4246 tp
1032 4157 1073 4223 ad
1098 4177 1270 4267 numerum
1296 4158 1314 4220 b
1336 4177 1378 4231 o,
1401 4176 1502 4244 quam
1526 4177 1588 4222 nu·

493 4286 572 4350 meri
596 4308 656 4373 up
682 4286 723 4353 ad
748 4309 920 4353 numerum
944 4286 966 4351 d
977 4308 1013 4372 9,
1039 4295 1118 4351 tunc
1142 4284 1342 4371 impossibile
1358 4286 1419 4351 erit
1438 4285 1589 4351 inuenire

492 4404 574 4472 duas
600 4411 824 4479 multitudines
849 4411 1021 4499 imparium
1038 4429 1251 4477 numerorum
1266 4410 1439 4477 continuas
1459 4410 1492 4474 in
1508 4428 1587 4498 pro-

567 4586 602 4646 (l)
619 4587 684 4637 veui
701 4590 753 4651 rig.
772 4589 813 4642 26.
