4175 5792
500 682 542 745 ts

504 827 686 900 tertiarum,
702 846 767 914 que
784 834 970 900 remanent,
992 824 1100 890 existit
1117 822 1282 890 medietas.
1309 823 1431 888 Rursus
1450 840 1529 885 cum
1554 817 1600 884 de

500 956 609 1043 aliqua
634 974 667 1020 re
690 951 814 1019 totlitur
837 962 927 1019 sexta
963 972 1059 1039 pars,
1095 952 1148 1017 illa
1163 963 1264 1019 sexta
1286 971 1363 1039 pars
1386 950 1595 1038 reliquarum

501 1083 647 1169 quinque
669 1091 835 1147 sextarnm
859 1081 973 1169 quinta
996 1100 1072 1167 pars
1101 1090 1160 1145 est.
1183 1079 1241 1144 His
1275 1081 1386 1166 itaque
1407 1075 1598 1147 denotatis,

502 1229 562 1297 pro
585 1208 733 1297 qualibet
752 1209 845 1274 tertia
864 1219 957 1295 parte
974 1208 1190 1296 quantitatis,
1206 1206 1249 1273 ab
1268 1206 1348 1293 ipsis
1363 1203 1470 1272 tribus
1489 1201 1601 1268 bomi-

503 1335 601 1403 nibus
623 1337 728 1425 posite
752 1338 784 1402 in
812 1337 965 1411 comuni,
990 1336 1083 1422 posui
1110 1356 1187 1402 rem.
1223 1336 1264 1401 Et
1293 1334 1372 1423 quia
1402 1331 1601 1420 proponitur

503 1465 749 1553 unusquisque,
772 1462 886 1530 habita
917 1466 986 1552 ipsa
1018 1485 1067 1539 re,
1092 1482 1186 1527 suam
1211 1460 1365 1527 babuisse
1390 1458 1599 1546 portionem,

502 1613 543 1656 cx
558 1590 739 1656 necessario
758 1591 929 1679 sequitur,
953 1600 1026 1677 post
1045 1587 1125 1655 iliud
1141 1587 1232 1676 quod
1253 1587 1315 1676 ipsi
1330 1597 1394 1652 tres
1414 1592 1600 1672 posuerunt

505 1720 535 1783 in
559 1718 713 1794 comuni,
740 1718 845 1805 primo
865 1719 1058 1785 remansisse
1078 1718 1178 1782 totius
1196 1719 1346 1782 comunis
1370 1711 1507 1802 pecunie
1532 1732 1603 1777 me

505 1842 661 1909 dietatem
686 1845 793 1911 minus
812 1846 882 1932 ipsa
903 1865 946 1910 re.
964 1844 1115 1910 Secundo
1135 1844 1263 1909 tertiam
1286 1843 1394 1909 minus
1417 1839 1534 1907 eadem
1556 1860 1601 1906 re.

507 1972 612 2038 Tertio
637 1971 760 2039 bomini
782 1983 907 2039 sentam
930 1972 1075 2039 eiusdem
1097 1973 1236 2060 pecunie
1254 1981 1404 2060 partem,
1428 1968 1544 2035 eadem
1567 1989 1603 2033 re

508 2096 691 2177 diminuta,
715 2112 747 2168 et
770 2102 848 2189 quia
882 2102 1007 2184 primus
1042 2101 1151 2187 posuit
1173 2101 1205 2164 in
1229 2118 1370 2166 comune
1392 2095 1603 2171 medietatem

508 2249 547 2292 ex
570 2237 639 2294 toto
662 2248 702 2294 oo
725 2228 814 2316 quod
838 2239 990 2317 ceperat,
1014 2238 1046 2295 et
1066 2228 1120 2293 iiia
1147 2226 1302 2294 medietas
1325 2225 1386 2291 fuit
1408 2223 1534 2312 equalis
1553 2244 1602 2289 re-

510 2353 605 2420 siduo
627 2355 716 2444 quod
740 2358 769 2425 ei
795 2358 970 2432 remansit,
995 2358 1021 2423 si
1045 2355 1269 2445 duplicabitur
1293 2356 1396 2444 ipsius
1418 2352 1603 2428 residuum,

510 2481 634 2549 scilieet
658 2483 814 2550 medietas
835 2483 922 2567 dicte
951 2485 1087 2571 pecunie
1111 2485 1218 2549 minus
1242 2504 1296 2559 re,
1332 2481 1507 2549 habebitur
1542 2500 1602 2568 pro

515 2618 583 2674 toto
596 2628 648 2680 eo,
668 2610 757 2696 quod
775 2610 841 2697 ipse
853 2610 978 2698 primus
997 2608 1097 2675 homo
1114 2609 1210 2696 cepit,
1227 2618 1298 2674 tota
1317 2611 1324 2697 Ι
1344 2607 1484 2696 pecunia
1501 2607 1603 2673 semei

514 2739 622 2802 minus
652 2735 781 2804 duabus
816 2736 922 2804 rebus.
946 2739 1029 2804 ltem
1063 2738 1141 2826 qnia
1174 2735 1338 2804 secundus
1365 2735 1465 2804 bomo
1494 2736 1604 2822 posuit
1639 2753 1667 2805 tr

516 2865 547 2928 in
570 2885 710 2932 comune
738 2866 866 2932 tertiam
901 2876 1027 2955 partem
1054 2888 1093 2932 ex
1117 2864 1179 2933 hoc
1202 2865 1291 2954 quod
1315 2866 1456 2955 ceperit,
1487 2874 1520 2930 et
1550 2863 1608 2931 iila

462 3009 464 3013 ·
516 2994 612 3059 tertia
634 3014 710 3081 pars
744 2993 805 3059 suit
828 2994 984 3061 medietas
1012 2995 1083 3062 eins
1115 2994 1205 3084 quod
1229 2996 1258 3061 ei
1284 2997 1458 3070 remansit,
1483 2994 1608 3061 scilicet

515 3121 556 3189 de
580 3121 674 3187 tertia
689 3130 792 3208 'parte
816 3123 916 3189 totius
949 3123 1085 3211 pecunie
1108 3123 1216 3189 minus
1241 3144 1297 3201 re,
1331 3124 1358 3190 si
1381 3143 1480 3211 super
1502 3123 1609 3209 ipsam

515 3251 643 3318 tertiam
670 3258 796 3337 partem
821 3249 907 3316 dicte
936 3252 1072 3338 pecunie
1095 3251 1204 3317 minus
1229 3271 1262 3318 re
1284 3249 1424 3317 addatur
1449 3249 1609 3316 medietas

514 3400 649 3455 corum,
683 3378 807 3445 seilicet
840 3387 932 3444 sexta
966 3397 1041 3463 pars
1075 3376 1221 3443 eiusdem
1245 3379 1382 3464 pecunie
1407 3376 1514 3442 minus
1537 3398 1608 3443 me-

513 3506 633 3572 dietate
658 3507 724 3580 rei,
748 3505 932 3594 egredietur
956 3526 1014 3594 pro
1039 3515 1108 3571 toto
1125 3504 1207 3581 hoc,
1232 3506 1321 3593 quod
1338 3506 1424 3591 cepit
1439 3503 1605 3572 secundus

517 3632 635 3706 bomo,
661 3631 816 3698 medietas
840 3633 940 3700 totius
964 3634 1121 3719 pecunie,
1148 3653 1183 3698 re
1206 3651 1272 3699 una
1294 3640 1327 3696 et
1354 3627 1489 3694 dimidia
1512 3627 1608 3696 dimi-

516 3768 605 3824 nuta.
641 3757 756 3824 Adbuc
789 3760 868 3848 quin
903 3761 1017 3826 tertius
1040 3759 1140 3826 homo
1174 3758 1299 3825 euhoe
1333 3754 1422 3844 quod
1446 3758 1531 3845 cepit
1550 3778 1609 3845 po·
1640 3790 1667 3839 32

518 3887 583 3954 suit
606 3886 638 3950 iu
662 3903 801 3951 comune
833 3896 957 3952 sextam
994 3898 1142 3974 partem,
1175 3896 1207 3950 et
1243 3883 1296 3950 illa
1321 3897 1412 3952 sexta
1445 3907 1522 3973 pars
1544 3884 1607 3952 suit

517 4014 669 4104 quintum
692 4013 742 4079 sui
768 4011 908 4088 residui,
932 4013 1054 4080 scilicet
1080 4023 1168 4080 sexte
1197 4012 1299 4100 partis
1333 4014 1433 4080 totius
1469 4014 1606 4101 pecunie

520 4143 628 4208 minus
651 4162 707 4216 re,
729 4140 755 4206 si
779 4160 877 4228 super
900 4140 1005 4227 ipsam
1028 4148 1154 4206 sextam
1178 4148 1305 4226 partem
1329 4140 1437 4205 minus
1458 4158 1493 4204 re
1508 4135 1610 4204 adda-

521 4278 574 4332 tur
596 4269 711 4356 qninta
734 4288 810 4357 pars
833 4286 969 4341 eorum,
1005 4267 1138 4334 scilicet.
1171 4266 1262 4332 ΜΡ
1289 4289 1365 4356 pars
1388 4267 1524 4358 pecunie
1549 4269 1610 4334 m'i-

521 4414 583 4458 nus
604 4396 720 4481 quinta
744 4404 835 4487 parte
858 4395 923 4470 rei,
949 4392 1125 4461 habebitur
1148 4415 1208 4483 pro
1228 4395 1311 4472 hoc,
1332 4395 1421 4483 quod
1440 4395 1526 4482 cepit
1547 4406 1612 4461 ter-

525 4522 589 4586 tius
605 4520 723 4598 bomo,
741 4524 855 4612 quinta
872 4544 947 4611 pars
967 4522 1053 4607 dicte
1078 4524 1228 4612 pecunie,
1253 4545 1288 4590 re
1307 4543 1373 4589 uua
1388 4533 1419 4588 et
1433 4524 1549 4610 quinta
1566 4526 1612 4592 rei

525 4646 695 4715 diminuta.
720 4649 829 4727 Quare
843 4650 869 4716 si
886 4649 1027 4717 addatur
1045 4661 1114 4718 tota
1129 4650 1268 4738 pecunia
1285 4648 1391 4715 minus
1409 4647 1540 4716 duabus
1562 4672 1613 4717 re-
