4175 5792
501 682 542 747 72

498 828 543 893 ita
564 851 585 916 9
608 829 648 897 ad
693 834 714 897 d
724 856 736 911 ;
758 852 815 920 per
837 834 954 922 equale
982 853 1061 923 ergo
1085 836 1147 901 erit
1171 846 1209 901 ut
1231 857 1252 902 o
1275 834 1315 902 ad
1339 857 1357 918 9
1382 836 1428 900 ita
1453 836 1470 898 ὁ
1493 832 1536 900 ad
1561 836 1590 898 ri.

497 958 605 1036 Quare
627 961 654 1026 si
679 963 697 1026 lt
718 971 767 1028 est
791 962 896 1028 maior
918 984 1019 1051 quam
1045 984 1087 1035 a,
1114 963 1175 1029 erit
1199 963 1221 1029 d
1242 963 1346 1029 maior
1367 984 1409 1049 9,
1432 972 1464 1027 ει
1483 962 1511 1027 si
1531 958 1592 1023 mi·

497 1105 558 1152 nor
580 1101 628 1154 est
652 1090 670 1153 ὁ
692 1108 793 1176 quam
817 1111 858 1166 o,
884 1091 990 1156 minor
1013 1091 1126 1180 itaque
1149 1101 1234 1157 esset
1257 1089 1400 1179 dquam
1421 1111 1451 1175 9.
1482 1086 1593 1165 Quare

445 1231 465 1256 ⁶⁰
498 1217 626 1282 numeri
648 1238 669 1283 a
687 1240 720 1301 9,
741 1229 800 1284 aut
819 1218 825 1306 Ι
845 1217 943 1285 ambo
963 1230 1041 1285 sunt
1058 1220 1222 1289 minores.
1247 1229 1304 1285 aut
1327 1219 1426 1285 ambo
1449 1218 1592 1285 maiores

497 1344 642 1410 numeris
670 1347 687 1409 l>
720 1345 751 1421 d,
784 1345 917 1434 equales
941 1344 1075 1434 quidem
1100 1367 1172 1443 esse
1194 1364 1258 1412 non
1281 1356 1438 1434 possunt,
1461 1345 1543 1433 quia
1564 1346 1591 1411 si

496 1470 630 1559 equales
652 1483 778 1548 essent,
805 1473 869 1538 iam
894 1474 1020 1540 numeri
1053 1495 1088 1551 o,
1111 1496 1146 1560 9,
1174 1476 1204 1549 b,
1228 1473 1250 1538 d
1271 1493 1342 1569 non
1362 1484 1469 1541 essent
1492 1481 1568 1540 rrrr⁰‘.

562 1600 632 1695 Sint
650 1620 727 1689 ergo
745 1623 775 1667 a·
781 1623 802 1689 9
818 1602 975 1676 minores,
996 1623 1101 1690 quare
1122 1601 1227 1668 laetus
1244 1622 1285 1669 ex
1302 1604 1363 1678 eis,
1380 1602 1506 1671 seilicet
1525 1614 1537 1669 t
1554 1603 1588 1679 lc,

499 1729 604 1794 minor
619 1738 668 1795 est
684 1728 770 1795 lacto
785 1751 825 1796 ex
843 1732 865 1795 d
880 1733 911 1804 o,
927 1729 989 1797 hoo
1007 1741 1056 1797 est
1075 1751 1175 1817 quam
1191 1730 1212 1795 l:
1228 1730 1251 1794 l:
1268 1741 1301 1795 et
1316 1732 1474 1818 quoniam
1486 1742 1537 1798 est
1550 1743 1590 1797 ut

496 1855 579 1923 uad
595 1877 636 1942 9,·
652 1855 698 1920 ita
721 1854 916 1943 quadratus,
936 1857 992 1944 qui
1018 1856 1055 1921 fit
1079 1856 1122 1922 ab
1144 1879 1178 1931 o,
1204 1856 1244 1923 ad
1263 1878 1454 1933 numerum,
1470 1861 1529 1948 qui
1553 1857 1589 1925 fir

494 2003 534 2049 ex
560 2003 581 2048 a
607 1982 639 2046 in
663 2003 698 2068 9,
720 1980 853 2049 honest
878 1982 920 2049 ad
944 2003 1117 2050 numerum
1139 1983 1195 2049 tls.
1215 1986 1339 2051 Rursus
1361 1992 1522 2072 quoniam
1541 1999 1590 2055 est

494 2109 578 2176 sieut
596 2130 617 2174 o
635 2108 676 2174 ad
693 2130 730 2196 9,
751 2109 797 2175 ita
816 2113 833 2173 lt
856 2109 898 2175 ad
917 2111 946 2176 d.
972 2109 1034 2176 Sed
1058 2111 1143 2177 siout
1162 2115 1179 2176 b
1198 2110 1238 2176 ad
1258 2112 1291 2185 d,
1316 2113 1361 2178 ita
1383 2114 1588 2201 quadratus,

493 2236 792 2326 quifitltnumero
814 2239 831 2300 b
851 2235 1102 2314 adnumerum,
1122 2238 1179 2325 qui
1203 2236 1294 2304 fitex
1315 2240 1333 2303 lt
1352 2240 1435 2318 ind,
1455 2240 1589 2312 hoeest

493 2363 535 2430 ad
551 2385 724 2431 numerum
740 2365 760 2429 lr
776 2361 795 2429 l.
815 2364 874 2432 Per
890 2364 1007 2454 equale
1022 2384 1101 2453 ergo
1117 2375 1166 2430 εει
1183 2374 1220 2431 ut
1241 2365 1316 2431 aad
1337 2388 1370 2449 9,
1391 2366 1437 2432 ita
1447 2369 1591 2456 quadra·

496 2505 564 2569 tus,
590 2494 646 2581 qui
664 2491 700 2558 lit
719 2497 738 2560 a
757 2513 894 2560 numero
920 2493 952 2570 b,
977 2503 1027 2558 est
1054 2491 1095 2557 ad
1116 2513 1292 2560 numerum
1308 2494 1328 2559 lr
1347 2493 1366 2560 l.
1386 2494 1447 2562 Sed
1467 2497 1590 2568 sieuto

496 2623 538 2690 ad
556 2646 590 2707 9,
607 2624 652 2688 ita
669 2622 729 2689 luit
745 2621 940 2711 quadratus,
956 2621 1013 2708 qui
1031 2617 1067 2685 fit
1083 2620 1157 2686 aba
1171 2620 1212 2686 ad
1227 2643 1400 2691 numerum
1413 2635 1425 2691 ι
1437 2625 1591 2717 lr,·quare

496 2762 530 2817 ει
543 2751 715 2839 compositi
735 2760 767 2818 et
786 2748 1048 2840 proportionales
1063 2759 1171 2817 erunt.
1188 2750 1252 2815 hoe
1270 2762 1318 2817 εει
1336 2762 1372 2817 ut
1390 2775 1411 2819 a
1427 2752 1470 2819 ad
1486 2776 1528 2842 9,Ι
1544 2756 1590 2821 ita

494 2878 695 2967 compositus
714 2876 975 2966 quadratorum,
999 2876 1056 2964 qui
1081 2874 1165 2942 fiunt
1185 2879 1204 2942 a
1227 2879 1372 2946 numeris
1390 2902 1410 2946 o
1429 2884 1461 2959 b,
1479 2882 1590 2949 estad

496 3005 712 3094 compositum
729 3004 870 3071 duorum
884 3024 1099 3071 numerorum
1118 3017 1129 3071 ι
1143 3006 1163 3070 k
1177 3019 1209 3072 et
1223 3006 1243 3070 lr
1256 3007 1280 3082 l,
1295 3005 1356 3074 hoe
1367 3019 1416 3074 εει
1427 3030 1589 3078 numerus

497 3157 513 3201 ε
530 3135 572 3202 ad
589 3154 760 3201 numerum
780 3143 792 3199 ι
809 3136 827 3198 l.
848 3132 1002 3199 Similiter
1021 3134 1210 3200 ostendetur
1229 3134 1317 3222 quod
1339 3136 1423 3202 sieut
1445 3159 1466 3203 a
1485 3137 1529 3205 ad
1545 3162 1588 3227 9,

495 3262 652 3330 itatlad
669 3285 698 3330 s.
716 3261 825 3340 Quare
840 3271 889 3327 est
907 3260 1080 3326 sicutead
1102 3265 1154 3337 tt,
1179 3262 1223 3329 ita
1242 3273 1253 3328 t
1272 3262 1283 3327 l
1300 3261 1341 3328 ad
1360 3284 1538 3333 numerum
1557 3290 1586 3333 z.

492 3362 579 3480 Ergo
599 3412 754 3457 numerus
770 3400 782 3456 ι
798 3393 808 3453 l
823 3387 950 3454 medius
967 3388 1220 3477 proportionalis
1237 3401 1286 3454 εει
1303 3410 1516 3459 numerorum
1529 3414 1587 3461 err.
1606 3368 1615 3379 ι

494 3517 601 3595 Quare
619 3515 814 3604 quadratus,
835 3517 892 3604 qui
913 3515 950 3581 fit
968 3519 987 3582 a
1006 3536 1143 3582 numero
1167 3514 1216 3592 tl,
1241 3526 1382 3604 equatur
1400 3517 1589 3606 superficiei

496 3642 701 3731 rectianguli,
726 3664 790 3730 que
811 3641 847 3708 lit
867 3664 907 3709 ex
926 3646 1071 3710 numeris
1094 3666 1109 3709 e
1127 3667 1158 3710 z.
1178 3642 1240 3709 Sed
1260 3643 1448 3732 superficies
1471 3668 1589 3715 nume-

495 3790 622 3845 rorum,
642 3771 760 3858 qualit
780 3776 799 3837 a
818 3773 962 3837 numeris
981 3794 996 3838 e
1013 3794 1050 3847 z,
1070 3783 1119 3838 est
1135 3791 1291 3836 numerus
1308 3771 1360 3857 es.

564 3899 673 3978 Quare
692 3922 708 3965 c
725 3905 805 3984 [εει
823 3900 1021 3989 quadratus,
1040 3899 1136 3964 ouius
1148 3896 1240 3963 radix
1254 3909 1303 3963 est
1316 3908 1327 3963 t
1339 3897 1358 3962 l.
1377 3900 1493 3977 Aliter,
1504 3922 1590 3991 quo-

495 4026 584 4091 niam
597 4036 766 4091 ostensum
779 4038 827 4093 est
845 4047 1018 4092 numerum
1034 4026 1081 4110 ef
1092 4024 1123 4088 in
1137 4023 1294 4112 superiori
1308 4023 1589 4095 demonstratione

494 4153 608 4240 equari
622 4153 888 4242 1111⁰'quedr·atis,
901 4155 957 4242 qui
976 4154 1059 4219 liunt
1075 4155 1093 4217 a
1109 4150 1253 4217 numeris
1269 4161 1280 4215 ι
1295 4151 1329 4226 lt,
1344 4150 1365 4216 lr
1379 4150 1402 4227 l,
1421 4172 1499 4228 mn,
1515 4174 1538 4218 n
1551 4176 1585 4229 o,

498 4279 730 4349 demonstrabo
740 4282 873 4369 quidem
885 4279 1099 4368 quadratum,
1116 4280 1171 4367 qui
1184 4276 1220 4342 fit
1231 4282 1250 4345 a
1261 4298 1396 4347 numero
1408 4290 1419 4345 t
1431 4283 1456 4356 l,
1466 4282 1582 4368 equaqj

494 4407 615 4475 eisdem
639 4417 705 4474 rur*
727 4407 897 4498 quadratis
923 4405 985 4473 hoe
1009 4406 1115 4472 modo.
1141 4406 1328 4484 Quadratus
1353 4404 1502 4493 quidem,
1525 4407 1584 4494 qui

496 4537 532 4604 fir
556 4541 733 4605 enumero
757 4548 767 4601 t
790 4537 813 4612 l,
838 4545 977 4622 equatur
1012 4522 1142 4601 duobus
1167 4535 1352 4625 quadratis,
1374 4537 1431 4623 qui
1456 4533 1582 4601 fiuntd
