4175 5792
1537 714 1582 783 ld

489 855 547 922 cisi
566 854 659 923 radix
680 866 730 922 est
752 878 817 945 qne
840 866 970 924 constat
990 879 1031 925 ex
1053 855 1183 925 residuo
1204 857 1293 955 quod
1316 868 1365 925 est
1390 859 1476 926 inter
1497 859 1581 927 duas

490 982 613 1060 lineas,
635 1004 701 1072 que
721 992 798 1049 sunt
817 983 963 1071 potentia
985 983 1355 1062 incommensurabiles,
1386 1006 1426 1052 ax
1460 986 1581 1076 quibus

490 1112 699 1200 componitur
717 1109 802 1178 linea
823 1110 938 1177 maior.
961 1110 1073 1191 Quinti
1096 1111 1209 1200 itaque
1226 1112 1319 1180 recisi
1338 1112 1431 1181 radix
1449 1125 1582 1205 estque

488 1250 618 1308 constat
636 1260 677 1307 ex
698 1238 829 1307 residuo
852 1237 942 1327 quod
963 1250 1013 1306 est
1035 1239 1121 1306 inter
1142 1238 1225 1306 duas
1248 1240 1350 1308 lineas
1369 1242 1515 1333 potentia
1534 1245 1581 1310 in·

494 1365 826 1442 commensurabiles,
849 1387 890 1433 ex
913 1365 1035 1456 quibus
1059 1366 1268 1454 componitur
1286 1367 1372 1436 linea
1390 1379 1507 1458 potens
1527 1392 1584 1439 su-

491 1513 550 1580 per
573 1492 802 1559 ratiocinatum
825 1503 858 1561 et
880 1493 1157 1561 inratiocinatum.

559 1619 647 1688 Sexti
658 1641 801 1709 namque
813 1621 905 1688 recisi
918 1620 1011 1688 radix
1020 1631 1070 1688 est
1081 1643 1146 1710 que
1158 1632 1288 1689 constat
1298 1643 1339 1689 ex
1351 1622 1481 1692 residuo
1493 1625 1582 1714 quod

491 1758 542 1816 est
556 1748 639 1815 inter
654 1747 738 1815 duas
752 1749 856 1815 lineas
868 1749 1013 1839 potentia
1028 1748 1388 1828 incommensurabiles,
1403 1771 1445 1819 ex
1462 1751 1584 1840 quihus

491 1872 700 1961 componitur
710 1872 794 1940 linea
805 1879 920 1963 potens
931 1895 1032 1963 super
1042 1874 1309 1942 inratiocinatum
1324 1872 1388 1966 (sic)
1401 1886 1434 1943 et
1451 1877 1585 1945 inratio-

493 2001 649 2068 ciuatum.
673 1999 725 2068 his
744 2001 898 2069 omnibus
913 2001 1107 2072 terminatis.
1127 2001 1202 2069 dieo
1221 2002 1348 2070 nullum
1366 2002 1407 2070 ex
1429 2003 1584 2092 predictis

492 2127 638 2196 numeris
660 2148 755 2215 posse
777 2128 913 2218 congrui
936 2129 993 2196 uni
1011 2150 1061 2197 ex.
1086 2150 1116 2194 x.
1146 2127 1312 2196 radicibus
1339 2131 1579 2220 suprascriptis.

492 2256 541 2324 Ad
559 2278 624 2345 que
642 2255 896 2324 demonstranda
916 2256 1078 2323 reiterabo
1094 2254 1244 2345 figuram.
1259 2257 1301 2323 llt
1319 2257 1346 2323 si
1362 2258 1516 2346 possibile
1531 2269 1581 2327 est

494 2405 651 2452 numerus
668 2387 722 2452 od
743 2382 800 2478 (l),
818 2385 876 2474 qui
891 2393 940 2452 est
955 2404 1022 2451 una
1033 2406 1084 2451 ex.
1104 2406 1135 2451 x.
1155 2382 1323 2451 radicibus
1337 2385 1580 2474 suprascriptis,

411 2524 413 2528 ’
481 2512 536 2580 sit
553 2533 656 2580 unum
676 2511 980 2600 ex.1u1.⁰‘binomijs
997 2512 1055 2602 qui
1070 2521 1319 2615 ‚componuntur
1330 2532 1369 2578 ex
1383 2532 1520 2580 numero
1531 2533 1583 2580 ra-

493 2638 651 2706 tiocinata
667 2648 700 2706 et
711 2638 821 2706 radice
832 2638 960 2707 numeri
972 2658 1038 2706 non
1057 2637 1226 2728 quadrati,
1237 2647 1271 2704 at
1289 2636 1582 2709 diuidaturnume-
1695 2715 1698 2719 ,

493 2787 549 2834 rus
567 2769 621 2836 ob
641 2768 674 2833 in
691 2767 839 2845 nomina,
858 2776 892 2835 et
905 2766 947 2834 sit
968 2768 985 2832 b
1004 2785 1209 2842 enumerus,
1226 2773 1260 2832 et
1277 2786 1294 2833 r
1311 2786 1332 2833 u
1349 2765 1391 2832 sit
1410 2764 1504 2833 radix
1522 2788 1583 2836 nu-

492 2895 585 2964 meri.
609 2896 650 2962 Et
670 2895 904 2983 multiplicetur
927 2896 988 2962 bu
1019 2894 1109 2970 inse,
1132 2901 1165 2959 et
1186 2892 1359 2980 proueniat
1383 2896 1400 2960 b
1422 2895 1463 2974 lt,
1486 2906 1518 2962 et
1541 2917 1581 2964 ex

492 3044 514 3090 o
535 3025 553 3089 d
576 3023 610 3088 in
630 3024 647 3088 b
665 3023 685 3088 lt
700 3022 850 3112 prouenit
869 3017 1058 3109 superficies
1076 3040 1097 3087 u
1112 3021 1150 3094 lt,
1171 3041 1236 3109 que
1256 3030 1306 3087 est
1324 3023 1451 3112 equalis
1468 3045 1583 3114 supar-

492 3147 576 3217 ficiei
597 3152 669 3225 bs,
692 3148 816 3216 scilieet
837 3147 924 3215 cubo
943 3146 1000 3237 qui
1018 3145 1056 3213 fit
1075 3145 1199 3214 alinea
1216 3168 1237 3215 u
1257 3149 1285 3213 b.
1306 3149 1495 3220 Comuniter
1513 3150 1579 3242 (sie)

492 3276 634 3346 addatur
643 3275 832 3367 superficies
851 3278 872 3342 d
891 3275 923 3353 d,
942 3266 1004 3343 erit
1018 3284 1088 3342 tota
1105 3273 1294 3363 superficies
1312 3278 1363 3342 de
1381 3276 1508 3364 equalis
1526 3297 1582 3345 su·

491 3405 634 3495 perficiei
652 3406 719 3483 dl,
742 3426 808 3494 que
825 3402 1015 3493 superficies
1034 3401 1221 3469 continetur
1243 3421 1284 3468 ex
1306 3421 1445 3470 numero
1467 3414 1501 3471 et
1523 3426 1576 3472 ra-

493 3531 565 3602 dice
587 3543 728 3610 tantum,
747 3542 785 3598 ut
804 3529 1050 3620 insequentibus
1073 3527 1330 3614 demonstratur..
1347 3529 1511 3609 Quoniam
1540 3531 1578 3599 li-

492 3681 555 3728 nea
577 3661 756 3729 bodiuisa
770 3662 804 3728 in
820 3660 887 3727 duo
907 3660 940 3725 in
958 3668 1081 3748 puncto
1098 3680 1135 3737 e,
1159 3667 1255 3731 eunt
1274 3656 1341 3726 duo
1363 3657 1517 3748 quadrati
1540 3661 1577 3727 li-

492 3806 630 3853 nearum
649 3789 697 3854 bc
715 3797 748 3855 et
765 3808 836 3865 cu,
856 3807 933 3855 cum
953 3784 1055 3876 duplo
1074 3787 1092 3851 b
1110 3784 1201 3853 cino
1218 3805 1252 3862 o,
1269 3785 1402 3874 equales
1414 3786 1576 3875 quadrato

492 3913 593 3981 totius
617 3915 634 3979 b
653 3934 684 3982 o.
703 3913 863 3992 Quadrati
884 3913 971 3981 enim
991 3916 1009 3980 b
1027 3923 1098 3981 c‘et
1113 3934 1168 3982 ru
1190 3923 1267 3981 sunt
1283 3914 1483 3993 ratiocinati,
1502 3936 1579 3982 cum

494 4044 538 4108 bc
551 4042 593 4108 sit
616 4052 838 4112 numerasset
861 4063 877 4110 c
899 4062 921 4108 u
939 4041 981 4108 sit
1001 4039 1095 4108 radix
1113 4040 1242 4108 numeri
1259 4042 1453 4109 ratiocinati.
1473 4043 1582 4121 Quare

491 4168 552 4257 ipsi
575 4166 642 4235 duo
663 4166 815 4258 quadrati
838 4180 914 4237 sunt
936 4190 1092 4237 numerus
1118 4168 1175 4258 qui
1199 4167 1236 4234 fit
1259 4171 1277 4234 b
1298 4173 1323 4254 s.
1348 4170 1436 4257 Ergo
1458 4190 1499 4236 ex
1521 4168 1581 4239 do-

489 4297 545 4386 plo
565 4298 663 4366 bein
679 4318 735 4364 co
757 4301 908 4387 prouenit
925 4299 1000 4382 fle,
1024 4317 1102 4364 cum
1123 4300 1140 4364 b
1164 4299 1184 4364 lt
1203 4296 1376 4386 proueniat
1399 4318 1439 4364 ex
1462 4300 1480 4364 b
1502 4319 1523 4366 o
1546 4301 1579 4367 in

490 4445 539 4502 se,
562 4437 594 4492 et
616 4425 695 4515 quia
716 4446 756 4492 ex
778 4423 879 4515 duplo
903 4427 920 4491 b
943 4447 959 4491 c
983 4424 1016 4491 in
1037 4447 1054 4491 c
1076 4447 1098 4493 o
1120 4425 1271 4514 prouenit
1292 4429 1312 4509 f
1330 4425 1371 4500 lt,
1394 4436 1428 4491 et
1451 4427 1469 4491 t
1491 4449 1508 4493 c
1529 4438 1578 4495 est

565 4679 597 4741 ll)
614 4678 679 4729 Vedi
690 4677 748 4743 ¹Fig.
764 4678 789 4730 l.
