4175 5792
500 676 630 771 ta'

501 853 601 920 tentia
616 854 1015 932 incommensurabilibus‚
1031 877 1175 953 quarum
1190 857 1342 947 quadrati
1364 857 1496 925 insimul
1510 857 1587 929 iun·

500 981 543 1047 cti
561 979 683 1049 iaciunt
702 980 1008 1066 radicemnumeri,
1031 994 1064 1050 et
1083 1006 1123 1051 ex
1141 985 1412 1075 multiplicatione
1434 986 1534 1053 unius
1552 986 1588 1051 in

501 1105 598 1172 aliam
621 1108 771 1195 prouenit
803 1129 960 1177 numerus
991 1110 1214 1178 ratiocinatus.
1238 1113 1278 1178 vt
1300 1113 1328 1178 si
1352 1114 1459 1201 prima
1489 1111 1591 1180 luerit

498 1233 588 1325 radix
611 1233 730 1302 radicis
751 1235 801 1317 de.
831 1259 882 1302 xx.
915 1247 948 1304 et
970 1259 1010 1305 ex
1032 1235 1184 1313 duobus,
1207 1249 1240 1305 et
1277 1238 1342 1305 alia
1373 1238 1469 1306 luerit
1493 1206 1591 1305 radix

498 1361 549 1430 de.
569 1385 620 1429 xx.
636 1363 753 1430 minus.
774 1382 805 1428 n.
824 1361 910 1430 Sexti
928 1373 1038 1431 autem
1057 1361 1194 1450 binomij
1214 1362 1307 1430 radix
1332 1375 1382 1432 est
1408 1365 1494 1432 linea
1521 1387 1590 1454 que

500 1489 621 1558 dicitur
657 1501 773 1581 potens
794 1511 895 1578 super
916 1489 1012 1559 duos·
1033 1491 1280 1560 inratiocinatos
1309 1513 1489 1571 numeros,
1522 1515 1590 1582 que

501 1620 709 1708 componitur
724 1640 764 1687 ex
777 1618 907 1711 duabus
919 1619 1011 1687 lincis
1023 1619 1169 1708 potentia
1183 1620 1589 1697 incommensurabilibus,

498 1767 639 1836 quarum
672 1745 824 1836 quadrati
859 1747 990 1815 insimul
1020 1748 1123 1814 iuncti
1149 1747 1273 1814 iaciunt
1302 1768 1476 1815 numerum
1499 1747 1588 1814 inra-

491 1873 712 1950 -tiocinatum‚
732 1885 765 1942 et
783 1897 823 1942 ex
842 1875 1112 1964 multiplicatione
1131 1875 1230 1941 unius
1254 1875 1287 1940 iu
1306 1874 1404 1941 aliam
1422 1873 1528 1962 surgit
1544 1873 1590 1939 si-

499 2001 617 2067 militer
639 2023 795 2070 numerus
818 2003 1089 2078 inratiocinatus,
1112 2012 1148 2070 vt
1177 2001 1204 2068 si
1231 2002 1337 2091 prima
1373 2000 1470 2069 luerit
1495 1999 1590 2067 radix

499 2126 618 2195 radicis
640 2128 681 2196 de
707 2151 759 2197 xx.
790 2149 844 2198 1111.
864 2140 897 2198 et
926 2129 966 2197 de
995 2128 1105 2196 radice
1125 2127 1166 2196 de
1185 2146 1250 2205 vu,
1272 2139 1305 2196 et
1328 2129 1391 2196 alia
1414 2126 1473 2196 liat
1494 2127 1590 2194 radix

499 2251 618 2320 radicis
638 2253 679 2321 de
695 2275 792 2322 xxuu.
811 2256 920 2321 minus
946 2254 1055 2322 radice
1081 2252 1131 2320 de.
1151 2272 1217 2331 vn,
1240 2252 1303 2321 hoc
1331 2263 1379 2320 est
1399 2273 1475 2320 cum
1502 2253 1589 2320 mul-

498 2380 663 2468 tiplicatur
686 2382 793 2470 prima
816 2383 961 2470 ipsarum
985 2382 1130 2450 duarum
1152 2382 1313 2450 linearum
1333 2383 1401 2449 inse
1433 2381 1588 2470 prouenit

495 2507 588 2576 radix
609 2509 650 2575 de
672 2529 768 2576 xxrur.
802 2519 835 2576 et
860 2509 953 2577 radix
988 2510 1040 2577 de.
1073 2521 1204 2586 v11.,ct
1237 2530 1314 2578 cum
1349 2509 1587 2598 multiplicatur

495 2634 638 2702 secunda
653 2635 721 2702 inse
741 2637 893 2724 prouenit
913 2636 1007 2703 radix
1029 2635 1071 2704 de
1091 2656 1188 2704 xxrru.
1211 2638 1319 2705 minus
1340 2637 1448 2705 radice
1462 2636 1514 2706 de.
1529 2657 1585 2705 vu.

562 2762 726 2831 Similiter.
745 2782 785 2830 vr.
801 2765 943 2842 numeri,
966 2765 1023 2853 qui
1046 2763 1200 2832 dicuutur
1222 2766 1316 2833 recisi
1339 2787 1397 2834 seu
1416 2764 1587 2858 apothami

499 2872 668 2955 imitantur
702 2889 819 2956 seriam
855 2909 913 2956 sax
950 2888 1170 2956 binomiorum
1203 2890 1500 2979 suprascriptorum
1533 2913 1587 2960 or-

495 3010 615 3080 dinate.
638 3016 719 3081 Nam
743 3015 885 3104 primum
911 3016 1052 3084 recisum
1088 3025 1215 3083 constat
1237 3037 1277 3083 ex
1298 3037 1436 3086 numero
1475 3020 1586 3087 miuus

497 3139 615 3209 radice.
639 3142 825 3210 Secundum
849 3166 889 3211 ex
910 3143 1020 3213 radice
1041 3145 1150 3211 minus
1182 3164 1331 3243 numero.
1369 3147 1511 3213 Tertium
1546 3169 1587 3216 ex

497 3267 608 3336 radice
631 3269 739 3337 minus
762 3267 882 3338 radice.
905 3270 1068 3350 Quartum
1091 3281 1219 3338 constat
1241 3293 1282 3338 ex
1303 3259 1491 3339 nominibus
1519 3274 1588 3360 pri-

346 3427 377 3472 st
398 3430 476 3467 uma
495 3397 550 3463 mi.
571 3396 578 3486 Ι
597 3396 754 3474 Quintum
774 3417 814 3464 cx
831 3396 1018 3465 nominibus
1034 3398 1180 3466 secundi.
1196 3401 1328 3466 Sextum
1344 3419 1383 3465 ex
1395 3397 1584 3467 nominibus

495 3523 591 3610 tertii.
612 3522 674 3591 Sed
697 3524 731 3589 in
753 3523 858 3590 tribus
883 3523 1047 3612 prioribus
1074 3526 1184 3594 recisis
1209 3525 1334 3592 maiora
1357 3524 1490 3590 nomina
1508 3543 1586 3611 pos-

494 3661 571 3719 sunt
593 3651 668 3740 plus
690 3650 872 3723 minorihus
890 3651 1043 3742 eoquod
1071 3672 1092 3718 a
1119 3649 1405 3751 commensurabili
1430 3636 1491 3740 ipis
1517 3651 1583 3747 (sic)
1652 3644 1656 3651 ’

493 3775 695 3867 longitudine
713 3779 747 3844 in
765 3778 915 3869 reliquis,
931 3777 1020 3877 quod
1040 3779 1084 3846 ab
1104 3776 1496 3847 incommensurabilibus.

559 3907 642 3974 Nam
660 3905 753 3973 radix
768 3907 863 3996 primi
881 3908 974 3976 recisi
992 3917 1041 3976 est
1061 3904 1194 3994 aliquod
1209 3905 1509 3996 suprascriptorum
1529 3929 1581 3975 re-

490 4036 644 4104 cisorum.
661 4034 765 4103 Radix
780 4056 860 4104 uero
877 4034 1012 4105 secundi
1029 4043 1080 4102 est
1099 4034 1238 4101 recisum
1260 4034 1444 4103 bimedialis
1463 4036 1580 4125 prime,

490 4161 553 4233 hoc
571 4176 621 4234 est
633 4165 725 4233 radix
738 4164 857 4233 radicis
873 4165 980 4231 minus
992 4161 1102 4231 radice
1118 4159 1252 4239 radicis,
1264 4184 1303 4231 ex
1315 4185 1457 4254 quarum
1470 4164 1584 4232 multi-

492 4290 667 4379 plicatione
685 4292 837 4383 proueuit
855 4309 1013 4358 numerus
1030 4287 1253 4356 ratiocinatus.

558 4421 652 4507 Tertij
669 4430 779 4488 autem
793 4417 885 4486 radix
907 4428 957 4485 est
975 4417 1117 4486 recisum
1136 4416 1320 4489 bimedialis
1341 4415 1490 4495 secundi,
1515 4414 1581 4486 hac

489 4556 538 4612 est
557 4543 649 4612 radix
666 4546 785 4614 radicis
800 4546 908 4614 minus
930 4545 1040 4614 radice
1059 4546 1188 4625 radicis,
1204 4569 1245 4614 ex
1260 4566 1401 4636 quarum
1422 4544 1581 4633 multipli-

488 4674 616 4742 catione
634 4676 783 4765 proucuit
802 4698 958 4747 numerus
974 4677 1229 4745 inratiocinatus.
1250 4674 1364 4752 Quarti
1379 4692 1512 4762 quoque
1527 4694 1579 4741 re
