4175 5792
1462 702 1504 767 73

416 857 562 925 numeris
585 868 596 921 t
619 856 641 920 lc
662 865 695 922 et
718 857 737 918 lc
760 854 784 931 l,
806 864 839 920 et
861 853 961 942 duplo
984 851 1167 940 superficiei
1185 873 1225 917 ex
1244 862 1254 916 t
1272 853 1292 916 lt
1311 851 1343 915 in
1363 853 1382 914 lt
1402 852 1421 915 l.
1442 849 1506 917 Sed

415 983 569 1071 superius
598 980 900 1048 demonstrauimus
936 977 1164 1068 superficiem,
1188 1000 1254 1066 que
1276 978 1313 1042 lit
1335 998 1375 1042 ex
1399 987 1410 1042 t
1433 980 1452 1041 lt
1474 977 1507 1043 in

417 1115 437 1177 lt
459 1110 484 1188 l,
499 1109 651 1199 equalem
673 1129 743 1175 esse
762 1105 962 1196 superficiei,
978 1129 1043 1196 que
1066 1105 1104 1172 fit
1121 1129 1161 1173 ex
1181 1127 1215 1171 m
1236 1128 1271 1185 n,
1295 1106 1327 1171 in
1350 1127 1372 1169 rt
1393 1127 1420 1169 o.
1445 1104 1508 1171 Sed

414 1237 619 1328 superficies,
631 1257 696 1326 que
711 1234 748 1301 fit
762 1258 803 1302 ex
820 1257 852 1300 m
873 1257 896 1299 a
917 1235 950 1299 in
965 1258 987 1300 n
1004 1256 1036 1311 ο,
1049 1244 1099 1302 est
1110 1255 1150 1301 ex
1165 1232 1339 1322 equalibus
1351 1231 1505 1297 numeris.

410 1368 521 1447 Quare
541 1386 574 1432 m
596 1386 619 1429 n
642 1366 675 1429 in
697 1385 720 1428 n
741 1384 758 1428 o
780 1361 934 1429 estsicut
961 1383 994 1428 m
1014 1384 1036 1427 n
1067 1363 1170 1439 inse,
1194 1362 1247 1429 uel
1279 1361 1364 1428 sicut
1394 1383 1450 1427 eo
1480 1362 1513 1426 in

415 1517 460 1563 se2
484 1494 593 1573 Quare
614 1491 752 1580 duplum
787 1512 828 1556 ex
861 1489 964 1557 ductu
988 1502 1000 1558 t
1023 1490 1043 1554 le
1066 1491 1099 1556 in
1122 1490 1144 1555 lc
1168 1490 1178 1555 l
1200 1500 1340 1580 equatur
1378 1487 1508 1555 duobus

414 1622 600 1712 quadratis,
623 1621 679 1711 qui
704 1617 826 1685 fiuntd
860 1619 1007 1685 numeris
1040 1639 1073 1683 m
1096 1641 1131 1694 n,
1154 1639 1176 1684 n
1199 1642 1230 1699 o;
1256 1639 1358 1706 quare
1374 1618 1508 1685 demon-

414 1762 554 1817 stratum
576 1760 626 1816 est
646 1747 862 1837 quadratum,
885 1746 943 1836 qui
977 1743 1015 1810 fit
1051 1749 1232 1845 daumero
1257 1757 1268 1812 t
1291 1745 1325 1823 l,
1355 1746 1503 1835 equalem

414 1900 485 1947 esse
519 1878 581 1953 eis,
613 1875 781 1966 quibunt
811 1880 831 1944 a
858 1876 1003 1943 numeris
1035 1879 1103 1949 tlt,
1128 1878 1147 1940 t
1170 1876 1195 1949 l,
1216 1898 1249 1941 m
1271 1897 1307 1951 n,
1331 1897 1352 1939 n
1386 1898 1418 1949 o,
1442 1873 1505 1940 boc

415 2018 465 2075 est
484 2025 623 2073 numero
645 2029 661 2072 c
682 2006 708 2093 s,
732 2016 769 2073 ut
790 2004 986 2094 opportebat
1009 2002 1190 2070 ostendere.

482 2134 529 2199 Er
551 2133 708 2223 quoniam
732 2133 839 2199 minor
860 2144 910 2199 est
940 2152 1098 2199 numerus
1122 2141 1133 2196 t
1156 2134 1176 2197 lt
1206 2150 1344 2198 numero
1367 2133 1387 2196 lt
1410 2128 1433 2204 l,
1455 2150 1509 2195 ac-

414 2262 557 2351 cipiatur
575 2261 641 2329 ext
663 2265 682 2326 t
698 2283 858 2329 numerus
874 2265 893 2326 lc
903 2285 929 2350 p
943 2260 1071 2350 equalis
1087 2280 1225 2327 numero
1242 2273 1253 2326 t
1270 2263 1305 2336 rt,
1329 2271 1382 2334 et,
1400 2271 1436 2325 ut
1452 2280 1507 2325 su-

413 2391 526 2479 perius
549 2389 707 2466 diximus,
728 2389 936 2456 inuenientur
957 2372 1125 2478 quadrati}
1160 2389 1217 2477 qui
1244 2386 1327 2454 fiunt
1349 2389 1370 2455 a
1393 2408 1507 2452 nume-

414 2519 460 2584 ris
481 2539 514 2583 m
535 2539 553 2582 o
577 2528 655 2606 etp
676 2517 702 2594 l,
724 2515 837 2606 equarj
862 2536 1001 2582 numero
1024 2515 1084 2602 cs.

481 2644 619 2711 Possunt
643 2644 743 2710 etiam
767 2637 834 2709 duo
857 2643 1010 2732 quadrati
1034 2644 1190 2730 inuenirj,
1219 2662 1363 2731 quorum
1394 2662 1506 2729 aggre-

411 2771 502 2860 gatio
523 2771 584 2837 erit
606 2770 790 2859 quadratus
821 2792 978 2838 numerus
1008 2792 1066 2857 per
1088 2769 1252 2858 quoslibet
1279 2768 1362 2836 duos
1392 2790 1506 2835 numa·

411 2919 468 2965 ros
491 2898 594 2965 datos.
618 2898 715 2966 Verbi
739 2899 863 2987 gratia,
884 2898 1003 2965 dentur
1026 2896 1093 2963 duo
1112 2898 1240 2964 numeri
1259 2908 1325 2964 eat
1350 2901 1380 2973 b,
1407 2907 1505 2986 prout

412 3025 559 3103 libuerit,
574 3027 616 3093 sit
633 3038 743 3094 tamen
758 3030 776 3093 b
790 3027 905 3101 maior,
924 3037 956 3093 et
972 3025 1140 3093 auferatur
1154 3030 1173 3092 b
1191 3024 1355 3115 quadrato
1376 3027 1503 3092 numeri

373 3142 377 3151 ’
412 3156 431 3218 b
449 3153 632 3241 quadratus
651 3153 658 3244 Ι
678 3155 805 3221 numeri
820 3175 854 3229 a,
872 3164 904 3221 et
924 3152 1093 3219 residuum
1108 3155 1170 3220 erit
1194 3153 1286 3220 radix
1309 3154 1405 3219 unius
1420 3172 1514 3239 qua-.
1531 3179 1561 3226 stt.
1572 3181 1650 3219 treta

409 3278 582 3347 dratorum
601 3279 891 3360 inueniondorum;
918 3280 1034 3349 deiude
1058 3282 1241 3370 accipiatur
1263 3279 1400 3368 duplum
1419 3280 1501 3355 eins,

409 3407 500 3496 quod
524 3409 674 3496 prouenit
692 3430 733 3476 ex
751 3408 854 3476 ductu
872 3431 893 3476 o
914 3410 948 3475 in
969 3409 1002 3487 b,
1024 3407 1114 3497 quod
1138 3408 1200 3474 erit
1222 3408 1320 3474 etiarn
1345 3405 1438 3472 radix
1458 3407 1504 3472 al-

410 3538 511 3605 terius
533 3537 702 3627 quadrati,
725 3539 815 3628 quod
845 3540 1005 3630 probatur
1040 3561 1098 3629 per
1133 3536 1361 3627 precedentem
1397 3535 1506 3625 proxi-

411 3685 502 3766 mam
535 3664 846 3734 demonstrationem
873 3666 950 3758 (sic).
974 3667 1096 3732 Ponam
1119 3664 1208 3755 quod
1231 3665 1272 3731 sit
1295 3666 1462 3752 proportio
1484 3686 1503 3747 ρ

409 3793 501 3871 add,
521 3795 606 3860 sicut
623 3794 697 3861 aad
711 3799 742 3873 b,
762 3809 795 3862 et
810 3798 852 3862 sit
874 3821 892 3880 q
916 3794 1041 3884 equalis
1058 3815 1091 3872 a,
1107 3805 1140 3861 et
1156 3799 1177 3861 d
1196 3793 1323 3883 equalis
1340 3796 1372 3868 b,
1391 3804 1424 3860 et
1441 3793 1503 3859 erit

410 3918 442 3985 id
465 3922 556 4008 quod
578 3918 616 3987 fit
643 3943 683 3988 ex
710 3923 833 3989 ainse
855 3922 972 4010 equale
993 3923 1036 3996 ei,
1060 3920 1150 4009 quod
1174 3920 1211 3987 fit
1241 3944 1320 3988 exa
1351 3922 1381 3986 in
1406 3943 1446 4002 p,
1469 3933 1503 3986 et

409 4046 470 4112 fuit
493 4046 525 4113 id
545 4044 604 4124 tlt,
624 4059 656 4114 et
674 4049 755 4115 illud
770 4050 859 4138 quod
883 4047 1011 4125 first,
1035 4047 1152 4137 equale
1171 4049 1201 4114 ei
1224 4047 1311 4136 quod
1335 4046 1446 4111 fitab
1469 4046 1502 4110 in

407 4176 443 4250 d,
467 4175 590 4261 scilicet
616 4175 676 4241 lcl.
700 4176 790 4243 Vnde
812 4178 838 4243 si
862 4177 1029 4244 auferatur
1053 4188 1065 4244 t
1087 4179 1161 4243 lter
1181 4179 1200 4242 lt
1223 4175 1245 4250 l,
1271 4173 1332 4241 boc
1356 4184 1405 4240 est
1423 4174 1444 4238 lc
1462 4196 1500 4262 p,

408 4300 632 4389 remanebitp
654 4305 678 4377 l,
703 4324 769 4390 que
796 4314 846 4370 est
870 4324 936 4369 una
958 4326 997 4371 ex
1022 4303 1199 4372 radicibus.

476 4429 558 4496 ltem
570 4428 708 4517 duplum
723 4430 905 4518 superficiei
919 4454 940 4499 a
957 4433 989 4497 in
1001 4437 1019 4498 b
1030 4432 1207 4522 equabitur
1218 4433 1265 4497 eis
1275 4483 1282 4505 ,
1294 4430 1351 4519 qui
1366 4430 1448 4496 liunt
1460 4453 1499 4499 ex

416 4579 438 4623 o
454 4557 487 4621 in
507 4556 529 4620 d
545 4569 577 4622 et
592 4578 631 4623 ex
646 4580 667 4644 9
687 4557 719 4622 in
739 4561 771 4632 b,
791 4557 914 4627 scilicet
929 4580 1066 4628 numero
1085 4581 1116 4625 m
1134 4583 1165 4638 ο,
1187 4561 1243 4649 qui
1260 4571 1308 4628 cst
1321 4560 1385 4628 alia
1398 4561 1499 4629 radix.

1239 4688 1269 4736 to
