4175 5792
518 704 561 770 40

502 860 506 865 ’
583 848 695 925 Aliter,
717 850 796 938 qnia
814 869 910 915 omne
931 849 1135 938 duplicatum
1152 870 1193 915 ex
1206 868 1267 915 suo
1284 848 1471 935 duplicante
1481 845 1594 912 existit

513 975 683 1054 medietas,
698 988 731 1043 et
751 976 950 1064 triplicatum
967 997 1007 1043 ex
1022 975 1206 1064 triplicante
1220 987 1269 1042 est
1288 976 1393 1051 tertia,
1404 985 1437 1041 et
1448 971 1596 1061 quadru-

515 1102 670 1190 plicatum
692 1124 731 1170 ex
752 1103 1023 1193 quadruplicante
1053 1103 1094 1169 sit
1119 1113 1257 1191 quarta,
1280 1112 1314 1168 et
1344 1098 1596 1189 quincuplatum

513 1250 554 1296 ex
573 1249 633 1296 suo
657 1230 890 1319 quincuplante
910 1232 1059 1319 quintam
1082 1229 1206 1296 obtinet
1242 1236 1379 1317 partem.
1415 1227 1540 1293 Ponam
1563 1223 1596 1288 in

514 1357 627 1426 ordine
649 1362 728 1445 444
747 1363 775 1440 l,
794 1374 831 1426 nt
851 1359 884 1425 in
907 1359 1054 1446 margine
1074 1359 1234 1432 cernitur,
1263 1366 1295 1422 et
1326 1352 1553 1442 multiplicabo
1575 1353 1596 1419 2

513 1509 571 1576 per
586 1489 605 1554 3
625 1486 754 1553 uicibus
774 1487 808 1562 4,
825 1484 954 1552 uicibus
969 1487 1002 1559 5,
1021 1505 1086 1572 que
1105 1494 1181 1550 sunt
1193 1483 1256 1551 sub
1272 1482 1386 1570 uirgis,
1403 1490 1499 1548 crunt
1517 1480 1597 1554 420,

511 1635 577 1701 que
609 1622 686 1680 sunt
707 1612 873 1701 quantitas
903 1621 1019 1700 quarte
1057 1611 1159 1699 partis
1193 1609 1340 1676 omnium
1377 1606 1597 1673 bizantiorum

512 1742 734 1815 inuenturum,
758 1739 880 1828 quibus
906 1739 1133 1829 multiplicatis
1152 1758 1209 1826 per
1232 1738 1266 1812 4,
1287 1733 1428 1803 reddunt
1451 1734 1517 1800 480
1537 1748 1596 1819 pro

514 1876 586 1933 tota
608 1860 751 1947 summan
767 1865 884 1933 deinde
902 1866 1012 1932 tollam
1035 1870 1048 1932 l
1077 1865 1166 1954 quod
1186 1876 1234 1932 est
1254 1864 1390 1952 super2
1410 1862 1457 1929 de-
1470 1863 1508 1936 2,
1525 1870 1558 1927 et
1578 1862 1591 1925 4

513 1993 602 2083 quod
622 2004 766 2062 remanet
788 1993 907 2061 ducam
929 1994 961 2058 in
980 1996 1000 2060 3
1016 1993 1145 2060 uicibus
1162 1993 1197 2068 4,
1213 1991 1342 2059 uicibus
1366 1994 1400 2065 5,
1420 1998 1519 2055 erunt
1538 1989 1596 2062 60,

512 2119 634 2207 quibus
653 2119 751 2186 etiam
771 2120 878 2187 ductis
897 2120 930 2185 in
950 2141 1124 2186 numerum
1146 2117 1331 2194 hominnm,
1355 2117 1478 2184 scilicet
1500 2115 1534 2182 in
1558 2115 1599 2190 4,

512 2255 608 2312 erunt
630 2247 708 2323 240,
728 2246 848 2336 quibus
862 2247 890 2313 si
910 2246 1052 2313 addatur
1070 2250 1083 2314 4
1098 2296 1105 2320 ,
1121 2246 1211 2334 qnod
1231 2245 1380 2335 prouenit
1396 2264 1436 2310 ex
1451 2243 1553 2310 ducto
1576 2244 1591 2307 l

510 2371 598 2462 quod
615 2383 665 2440 cst
682 2395 780 2461 snper
795 2376 829 2454 2,
849 2376 881 2440 in
902 2377 915 2440 l
937 2372 1028 2463 quod
1048 2386 1098 2441 est
1121 2395 1220 2462 super
1242 2374 1275 2449 3,
1298 2371 1387 2461 quod
1406 2373 1475 2439 inl
1506 2368 1597 2459 quod

512 2510 562 2566 est
584 2520 683 2588 snper
702 2500 735 2576 4,
756 2501 844 2588 qnod
865 2502 926 2567 inl
952 2501 1040 2591 quod
1063 2514 1228 2591 estsuper
1251 2504 1288 2577 5,
1308 2511 1403 2567 erunt
1424 2500 1510 2577 244,
1531 2518 1597 2587 que

513 2635 591 2692 sunt
606 2626 772 2715 quantitas
783 2626 1001 2693 bizantiorum
1014 2629 1121 2716 primj.
1140 2630 1264 2695 Rursus
1280 2627 1449 2695 extraham
1467 2630 1480 2694 l
1507 2624 1597 2715 quod

511 2761 674 2840 estsuper
694 2751 766 2818 3de
778 2753 814 2828 3,
834 2764 1000 2819 remanent
1019 2755 1055 2829 2,
1070 2752 1191 2841 quibus
1208 2752 1314 2819 ductis
1331 2753 1362 2818 in
1381 2752 1543 2819 luicibus
1560 2753 1597 2827 6,

511 2877 640 2944 uicibus
659 2880 694 2949 2,
714 2900 778 2968 quc
793 2889 869 2945 sunt
887 2879 950 2946 sub
970 2881 1086 2970 uirgis,
1107 2892 1139 2948 et
1159 2883 1192 2946 in
1214 2902 1389 2948 numerum
1407 2880 1595 2955 hominum,

510 3014 607 3070 erunt
626 3006 707 3080 320,
725 3006 846 3094 quibus
863 3006 982 3073 addam
1002 3010 1037 3083 2,
1056 3030 1120 3098 que
1131 3009 1328 3096 proueniunt
1343 3028 1382 3073 ex
1396 3009 1427 3080 2,
1446 3006 1598 3095 qnodest

511 3129 573 3196 snb
595 3131 699 3218 prima
716 3132 823 3220 uirga,
842 3134 905 3199 inl
928 3134 1016 3224 qnod
1039 3145 1208 3222 estsuper
1234 3133 1272 3210 3,
1292 3133 1382 3221 quod
1405 3134 1437 3198 in
1462 3136 1475 3198 l
1505 3132 1597 3221 qnod

375 3289 483 3326 numa
511 3269 560 3324 est
584 3279 682 3347 super
705 3260 739 3335 4,
759 3258 847 3347 quod
868 3261 930 3325 inl
957 3260 1044 3348 quod
1062 3271 1225 3347 estsuper
1249 3263 1283 3336 5,
1300 3270 1396 3326 erunt
1419 3258 1510 3346 3221
1532 3278 1597 3346 quc

509 3397 585 3450 sunt
610 3385 746 3474 duplum
766 3386 984 3453 bizantiorum
1002 3386 1146 3454 secundi.
1169 3387 1277 3465 Quare
1295 3384 1413 3452 ducam
1432 3385 1497 3450 322
1518 3386 1552 3448 in
1576 3385 1589 3448 4

509 3508 597 3595 quod
620 3522 669 3576 est
691 3533 789 3599 super
810 3514 852 3588 2,
874 3523 906 3578 et
930 3512 1076 3579 diuidam
1111 3535 1168 3601 per
1198 3516 1233 3589 2,
1268 3512 1399 3579 uenient
1433 3512 1491 3576 464
1535 3529 1596 3598 pro

510 3635 662 3723 bizantijs
694 3637 828 3704 secundi
861 3636 1010 3706 hominis.
1046 3641 1128 3706 Item
1163 3638 1332 3706 extraham
1356 3639 1398 3712 l,
1430 3634 1521 3724 quod
1544 3646 1595 3703 est

509 3782 607 3849 super
630 3765 671 3839 4,
694 3762 735 3830 de
758 3764 793 3839 4,
818 3778 984 3834 remanent
1009 3767 1044 3844 3,
1069 3789 1133 3856 que
1154 3766 1274 3833 ducam
1298 3766 1330 3831 in
1355 3768 1375 3831 6
1398 3763 1529 3832 uicibus
1552 3765 1593 3839 2,

509 3890 638 3957 uicibus
662 3892 697 3966 3,
721 3913 785 3979 qne
803 3903 880 3959 sunt
898 3894 961 3961 snb
979 3894 1052 3980 aliis
1070 3894 1185 3981 uirgis,
1201 3903 1297 3958 erunt
1317 3894 1373 3968 90,
1390 3912 1455 3980 que
1473 3890 1596 3959 ducam

511 4016 544 4080 in
567 4017 599 4091 4,
615 4029 647 4083 et
665 4017 883 4105 superaddam
904 4023 939 4091 6,
963 4041 1027 4109 que
1053 4020 1246 4108 proueniunt
1263 4040 1304 4085 ex
1322 4017 1429 4084 ductis
1451 4020 1471 4084 2
1496 4018 1530 4083 in
1555 4020 1595 4093 3,

507 4161 571 4227 que
592 4154 668 4210 sunt
690 4142 752 4209 sub
775 4145 889 4232 uirgis,
912 4144 1002 4233 qnod
1024 4145 1055 4209 in
1081 4147 1094 4211 l
1123 4143 1212 4233 quod
1236 4156 1284 4210 est
1307 4163 1405 4230 super
1438 4143 1479 4219 4,
1502 4142 1593 4231 quud

510 4269 542 4333 in
566 4274 578 4335 t
608 4270 696 4361 quod
717 4282 767 4338 est
789 4291 887 4359 snper
911 4273 948 4346 5,
971 4282 1066 4337 erunt
1091 4271 1171 4345 366,
1194 4282 1227 4336 et
1250 4280 1299 4336 tut
1321 4268 1436 4336 habuit
1477 4271 1594 4337 tertius

510 4393 607 4462 humo
632 4407 704 4485 post
726 4396 980 4487 duplicationem
1011 4408 1042 4462 et
1067 4395 1316 4485 triplicationem
1350 4395 1411 4460 sibi
1443 4393 1592 4463 factnsa

512 4520 617 4607 primo
639 4534 672 4588 et
693 4522 835 4590 aecundo
858 4522 997 4589 homine.
1022 4523 1112 4590 Vnde
1134 4524 1162 4589 si
1194 4523 1235 4590 de
1269 4525 1333 4589 366
1367 4523 1593 4611 acceperimus
