4175 5792
520 705 564 770 02

519 866 551 920 et
565 875 605 922 ex
624 857 641 920 4
659 877 680 923 a
699 865 747 921 est
776 857 805 920 4.
830 866 862 922 et
885 855 1035 923 ducatur.
1060 858 1090 922 4.
1108 853 1301 922 innumeris
1324 875 1345 920 a
1370 877 1391 941 9
1415 863 1448 920 et
1467 873 1489 940 9
1511 852 1552 928 d,
1574 862 1603 918 et

521 983 630 1050 ueniet
648 1001 707 1071 pro
727 981 934 1049 multitudine
954 983 1129 1070 imparium
1149 983 1244 1070 primi
1264 981 1411 1070 congrui.
1423 983 1477 1048 28.
1497 991 1530 1048 et
1548 1002 1602 1069 pro

520 1108 727 1176 multitudine
745 1109 889 1177 secundi.
902 1112 955 1177 42.
970 1119 1003 1176 et
1022 1109 1203 1196 multiplica
1215 1129 1484 1196 unumquemque
1496 1129 1603 1175 nume

374 1252 497 1295 rnnms.
520 1232 631 1302 roru'm
652 1236 658 1326 Ι
677 1258 728 1325 aq
749 1249 782 1303 et
804 1240 854 1323 dy
873 1258 930 1324 per
952 1235 1090 1325 duplum
1107 1240 1124 1301 0
1139 1257 1176 1324 9,
1191 1247 1222 1303 et
1241 1235 1387 1303 habebis.
1401 1237 1455 1301 70.
1474 1255 1533 1324 pro
1548 1258 1604 1303 nu·

519 1383 622 1439 mero,
646 1365 734 1431 circa
758 1384 855 1453 quem
884 1375 961 1430 sunt
985 1367 1027 1432 42
1052 1364 1193 1451 impares
1223 1363 1352 1430 numeri
1375 1361 1532 1430 facientes
1559 1383 1604 1429 se·

519 1491 664 1559 cundum
688 1510 891 1580 congruum,
914 1501 947 1557 et
968 1493 1037 1567 30.,
1062 1493 1149 1557 circa
1166 1513 1265 1581 quem
1286 1500 1382 1557 eruut
1399 1491 1444 1557 28
1465 1490 1603 1579 impares

520 1620 672 1687 facientes
695 1617 847 1706 primum.
872 1618 980 1696 Quare
997 1619 1150 1685 extractis
1173 1622 1226 1687 28,
1244 1617 1284 1684 de
1301 1620 1354 1685 30.
1377 1628 1560 1685 remanent.
1574 1621 1601 1685 2.

518 1767 659 1835 quorum
680 1746 845 1821 medietas,
860 1745 982 1811 scilicet
997 1767 1101 1812 unum
1116 1757 1165 1812 est
1180 1744 1272 1812 radix
1288 1747 1382 1834 primi
1394 1744 1560 1835 quadrati;
1572 1757 1602 1813 et

517 1873 601 1940 adde
619 1875 662 1941 28
686 1894 772 1939 cum.
797 1875 851 1940 30.
874 1885 981 1939 erunt.
1013 1876 1066 1940 58.
1098 1875 1192 1940 cuius
1214 1874 1391 1951 medietas,
1415 1874 1541 1941 scilieet
1562 1876 1601 1942 20

519 2013 567 2068 est
583 1999 674 2067 radix
692 2000 826 2068 secundi
842 1999 1004 2089 quadrati.
1025 2002 1106 2068 Item
1122 1999 1215 2068 adde.
1237 2004 1288 2070 42·
1309 2023 1394 2068 cum.
1407 2003 1462 2068 70.
1483 2001 1602 2068 faciunt

518 2131 571 2196 ,82
594 2148 736 2218 quorum
756 2127 913 2195 medietas
930 2128 1053 2195 scilicet
1073 2130 1126 2193 44.
1147 2138 1195 2195 est
1215 2127 1306 2194 radix
1325 2128 1408 2216 tertij
1433 2127 1600 2217 quadrati,

517 2269 548 2325 et
571 2279 610 2324 ex
632 2256 950 2324 (44414.28.44.30.
974 2257 1026 2322 uel
1051 2258 1104 2324 42.
1125 2258 1167 2321 in.
1189 2257 1241 2322 70.
1268 2256 1430 2324 habentur
1453 2258 1521 2323 840
1544 2275 1600 2344 pro

517 2405 671 2475 congruo.
692 2384 865 2474 Egreditur
884 2395 994 2452 autem
1014 2383 1198 2452 4414444840.
1219 2407 1258 2452 ex
1277 2386 1349 2473 alijs
1366 2385 1500 2453 duobus
1516 2385 1602 2453 adia-

515 2513 664 2581 centibus
685 2513 849 2587 numeris‚
873 2512 996 2578 scilicet
1019 2535 1059 2580 ex
1076 2515 1259 2600 septenario
1276 2527 1309 2581 et
1328 2515 1502 2603 quinari0,
1526 2516 1600 2604 quia

516 2642 543 2708 si
565 2639 727 2716 solidum,
751 2637 840 2727 quod
864 2637 900 2704 fit
924 2638 966 2705 ab
989 2640 1056 2716 eis,
1080 2649 1113 2705 et
1135 2639 1177 2705 ab
1195 2659 1309 2707 eorum
1333 2642 1527 2719 coniuncto,
1542 2639 1600 2708 du-

516 2776 611 2832 catur
630 2767 662 2830 in
685 2765 870 2841 binarium,
890 2765 1011 2832 scilieet
1030 2765 1063 2831 id
1083 2766 1116 2830 in
1134 2785 1210 2855 quo.
1228 2767 1258 2832 7ι
1278 2765 1414 2834 excedit.
1433 2769 1464 2832 5.
1486 2785 1601 2854 proue-

319 2854 362 2912 2
516 2894 592 2962 niet.
610 2893 685 2961 840.
698 2893 871 2982 Egreditur
882 2894 969 2960 euim
982 2893 1157 2960 multitudo
1169 2895 1274 2982 prima
1286 2893 1462 2982 imparium
1482 2893 1601 2960 facien-

515 3024 597 3090 tium
633 3023 739 3111 ipsum
762 3043 801 3088 ex
823 3019 922 3088 ducto
945 3021 1073 3087 binario
1097 3023 1130 3087 in
1152 3021 1382 3109 septenarium.
1406 3019 1517 3098 Quare
1539 3021 1599 3108 ipsi

443 3101 473 3197 -7
515 3155 656 3241 impares
678 3152 805 3218 numeri
828 3142 903 3217 sunt
926 3150 989 3227 44,
1012 3161 1045 3217 et
1067 3160 1143 3215 sunt
1161 3150 1249 3216 eirca
1267 3152 1332 3225 60,
1355 3149 1412 3237 qui
1435 3147 1602 3237 egreditur

513 3301 552 3348 ex
567 3278 716 3368 quinario
732 3277 831 3344 ducto
852 3280 894 3344 in.
919 3280 971 3346 42.
997 3275 1171 3344 multitudo
1194 3274 1325 3365 quidem
1349 3274 1496 3343 secunda
1525 3295 1599 3366 pro·

511 3408 600 3474 uenit
623 3427 662 3472 ex
685 3404 812 3472 binario
835 3404 935 3472 ducto
953 3412 986 3471 iu
1004 3406 1206 3493 quinarium,
1226 3411 1258 3470 et
1275 3413 1324 3470 est
1343 3402 1398 3469 illa
1420 3403 1597 3473 multitudo

319 3350 367 3407 tit.

510 3536 606 3601 circu.
627 3534 680 3599 84.
705 3533 761 3621 qui
786 3533 936 3622 prouenit
968 3553 1008 3598 ex
1041 3534 1224 3620 septenario
1247 3531 1347 3599 ducto
1368 3532 1410 3597 iu.
1436 3533 1490 3598 42.
1514 3533 1596 3598 Nam

511 3659 618 3727 decies
640 3661 693 3727 84.
716 3660 768 3726 uei
792 3659 972 3747 sexagesies
988 3661 1040 3725 44.
1065 3669 1227 3747 equautur
1244 3658 1367 3734 solido,
1392 3658 1449 3747 qui
1472 3657 1510 3725 fit
1533 3680 1553 3725 a
1577 3662 1596 3725 5

510 3801 542 3856 et
560 3792 580 3854 7
598 3801 630 3854 et
648 3790 701 3855 42.
721 3786 820 3854 ducto
838 3787 869 3850 in
893 3787 1066 3853 binarium.
1093 3789 1182 3854 Vnde
1198 3786 1371 3854 cuiuslibet
1395 3787 1531 3877 congrui
1551 3786 1594 3879 (i)

509 3915 801 4005 vigesimaquarta
834 3936 908 4004 pars
938 3927 987 3981 est
1024 3915 1171 4003 integra,
1194 3925 1231 3981 ut
1254 3915 1404 4002 superius
1426 3925 1593 3982 ostensum

582 4189 615 4250 44)
633 4186 680 4238 Cic
696 4189 743 4237 che
761 4190 782 4237 si
799 4189 870 4251 lagga
886 4190 952 4237 nette
968 4193 1084 4248 presente
1100 4188 1190 4249 pagina
1206 4185 1366 4248 (1114442244
1384 4187 1416 4236 da
1432 4206 1445 4233 ι
1463 4188 1585 4237 44440444-

517 4293 609 4341 bantur
624 4290 671 4341 840
686 4309 698 4334 ι
714 4290 764 4339 04ο
779 4291 827 4339 uite
842 4289 929 4350 parete
944 4307 957 4333 ι
974 4290 1109 4339 cuiuslibet
1123 4288 1228 4350 congrui
1242 4303 1257 4334 4
1277 4287 1357 4336 torma
1380 4288 1404 4335 le
1427 4300 1496 4337 nove
1519 4289 1584 4337 tinec

517 4389 598 4436 7⁸45·
614 4388 680 4438 della
695 4393 763 4438 carta
780 4388 810 4438 30
826 4393 893 4438 recto
903 4388 944 4437 dei
956 4387 1049 4437 Codice
1060 4388 1226 4437 ambrosiano
1242 4387 1273 4437 Ε.
1290 4387 1337 4448 75,
1353 4388 1429 4436 Parte
1443 4386 1581 4449 Superiora.

517 4488 605 4538 Prrsso
621 4503 635 4537 a
651 4493 740 4551 queste
757 4502 822 4538 nove
839 4489 905 4537 linea
920 4489 958 4537 sul
975 4487 1086 4549 margine
1102 4487 1205 4536 laterata
1230 4491 1330 4536 esterno
1353 4487 1419 4536 della
1444 4486 1579 4538 medasimu

515 4593 582 4636 carta
598 4588 629 4638 30
644 4593 711 4638 recte
726 4589 821 4639 trovasi
837 4588 860 4637 44
877 4587 956 4651 figura
973 4587 1093 4648 ripertata
1110 4587 1134 4636 in
1157 4585 1292 4647 suc-simile
1315 4587 1356 4636 net
1380 4588 1494 4650 margine
1519 4587 1581 4636 lute-

515 4687 566 4733 rate
582 4689 683 4734 esterno
699 4686 765 4737 della
780 4689 898 4747 presente
915 4686 1003 4749 nagim
1019 4684 1059 4736 92.
