4175 5792
1456 736 1497 802 59

407 897 447 943 ex
472 875 619 964 reliquis,
644 877 700 966 qui
723 887 799 942 sunt
821 875 884 944 sub
907 878 985 965 ipsis
1013 898 1116 966 usque
1149 877 1191 952 ad
1215 879 1396 954 unitatem,
1420 899 1494 966 pro-

407 1003 577 1072 creabitur
600 1005 684 1071 alius
707 1003 909 1094 quadratus,
934 1015 967 1072 et
1004 1005 1065 1093 ipsi
1098 1003 1164 1071 duo
1195 1004 1346 1095 quadrati
1379 1005 1497 1073 sacient

327 1115 329 1121 Α
409 1151 540 1219 semper
557 1131 757 1220 quadratum
778 1153 962 1198 numerum.
976 1131 1129 1198 Similiter
1146 1133 1253 1220 inueuj
1270 1154 1373 1200 unum
1385 1155 1498 1222 quern-

408 1280 474 1346 que
492 1258 692 1350 quadratum
708 1258 864 1326 excedere
883 1259 990 1348 ipsum
1013 1258 1231 1348 quadratum,
1257 1261 1313 1348 qui
1330 1271 1497 1328 antaeum

409 1398 459 1454 est
498 1386 686 1454 immediate
718 1386 899 1454 secundum
934 1389 1153 1477 quantitatem
1187 1387 1382 1455 addictionis
1410 1388 1496 1456 radi-

409 1534 487 1581 cum
521 1516 678 1601 ipsorum.
712 1514 809 1581 Verbi
845 1516 973 1604 gratia3
1006 1518 1091 1592 ιιι,
1128 1516 1221 1582 cuius
1245 1515 1336 1582 radix
1372 1527 1421 1583 est
1455 1520 1490 1582 ll

410 1640 539 1709 excedit
554 1644 634 1718 too,
650 1642 746 1708 cuius
763 1641 855 1707 radix
870 1654 919 1709 est
936 1646 989 1720 ιθ,
1002 1642 1182 1710 secundum
1201 1644 1417 1733 quantitatem
1441 1643 1501 1710 ad·

411 1769 563 1836 dictionis
585 1768 626 1837 de
650 1773 692 1836 to
715 1782 748 1837 et
771 1775 805 1837 ll
828 1823 835 1847 ,
861 1771 988 1839 scilicet
1022 1771 1172 1839 radicum
1202 1773 1358 1861 ipsorum.
1394 1773 1501 1851 Quare

412 1898 638 1986 unusquisque
661 1898 843 1987 quadratus
860 1897 987 1966 excedit
1006 1898 1187 1966 secuudum
1204 1899 1402 1988 quadratum
1427 1911 1502 1968 ante

413 2025 536 2112 ipsum,
556 2023 737 2091 secundum
755 2025 973 2113 quantitatem
991 2024 1169 2114 quadrupli
1190 2026 1310 2093 radicis
1333 2026 1498 2115 quadrati,

412 2151 470 2240 qui
494 2153 600 2218 estin
623 2151 730 2218 medio
753 2172 885 2228 eorum,
910 2163 947 2218 ut
971 2154 1051 2228 tat,
1075 2154 1132 2242 qui
1155 2153 1282 2221 excedit
1304 2156 1340 2219 tlt
1367 2156 1399 2220 in
1421 2174 1503 2243 qua·
1602 2232 1609 2249 ·

414 2277 571 2367 druplum
595 2279 636 2346 de
659 2272 775 2361 to;'et
798 2281 845 2346 sic
878 2292 1014 2368 possunt
1045 2281 1182 2368 inuenirj
1221 2280 1400 2348 differentie
1436 2303 1501 2370 que

413 2416 490 2473 sunt
508 2407 592 2473 inter
613 2407 793 2495 quadratos
818 2428 875 2496 per
900 2407 1092 2474 distantiam
1112 2406 1260 2476 radicum
1284 2408 1441 2496 ipsorum.
1463 2410 1504 2474 Et

413 2535 547 2625 quando
570 2534 635 2602 due
650 2537 804 2603 continue
824 2536 951 2604 radices
971 2547 1144 2626 aggregate
1163 2537 1287 2603 faciunt
1306 2536 1504 2626 quadratum

414 2684 604 2737 numerum,
625 2674 702 2730 tunc
717 2664 900 2751 quadratus
921 2665 1058 2731 maioris
1082 2664 1201 2731 radicis
1218 2663 1393 2755 equabitur
1416 2665 1500 2732 duo·

414 2791 477 2858 bus
499 2767 679 2881 quadratis.
703 2792 857 2859 Similiter
879 2791 1013 2880 quando
1037 2791 1261 2880 quadruplum
1291 2792 1430 2859 alicuius
1454 2814 1505 2859 ra·

414 2919 497 2986 dicis
531 2929 581 2986 est
616 2919 819 3010 quadratus,
856 2930 933 2985 tuuc
966 2918 1148 3009 quadratus
1183 2922 1348 3008 sequentis
1384 2921 1504 2989 radicis

414 3045 592 3136 equabitur
613 3047 744 3115 duobus
767 3046 957 3138 quadratis,
983 3065 1126 3135 quorum
1150 3068 1236 3113 unus
1273 3047 1336 3114 erit
1360 3047 1412 3114 illo
1449 3049 1507 3135 qui

416 3184 547 3243 creatus
564 3185 614 3242 est
629 3198 669 3243 ex
684 3176 870 3265 quadruplo
886 3173 1053 3264 predicto,
1067 3185 1100 3241 et
1117 3174 1201 3240 alius
1218 3183 1283 3248 ost,
1304 3175 1398 3241 cuius
1417 3164 1509 3241 radix

416 3312 467 3369 est
486 3321 552 3368 uno
569 3303 677 3368 minus
688 3302 797 3370 radice
808 3300 1077 3392 quadruplicata3
1099 3310 1133 3366 vt
1152 3300 1180 3366 si
1195 3299 1507 3390 quadrupliceturtl,

414 3429 601 3518 egredietur
616 3432 671 3497 36.
697 3432 784 3520 Ergo
808 3432 888 3503 l00,
909 3429 1004 3496 cuius
1029 3427 1122 3494 radix
1145 3437 1194 3494 cst
1216 3429 1273 3503 to,
1292 3437 1433 3516 equatur
1451 3428 1510 3503 ol,

418 3557 515 3625 cuius
538 3557 629 3624 radix
652 3570 701 3624 est
725 3563 761 3634 8,
785 3568 818 3626 et
842 3560 884 3625 36
908 3557 965 3646 qui
995 3557 1055 3623 luit
1091 3556 1315 3645 quadruplum
1338 3542 1383 3623 de'
1401 3558 1432 3622 9.
1467 3557 1509 3622 Et

418 3694 518 3760 nota,
541 3686 620 3774 quia
636 3708 676 3753 ex
695 3684 1004 3775 quadruplicatione
1023 3682 1163 3750 alicuius
1184 3681 1312 3749 numeri
1332 3702 1398 3748 non
1422 3704 1512 3770 egre·

419 3811 528 3911 dietur
550 3813 754 3902 quadratus,
778 3813 841 3880 uisi
876 3812 945 3902 ipse
979 3810 1075 3878 luerit
1110 3810 1313 3900 quadratuS,
1348 3811 1445 3900 quia,
1473 3819 1511 3875 ut

420 3939 575 4007 Euclides
597 3941 754 4017 ostendit,
773 3961 851 4008 cum
870 3941 1040 4029 proportio
1058 3939 1187 4006 numeri
1207 3937 1248 4004 ad
1266 3959 1440 4004 numerum
1463 3946 1512 4002 est

420 4068 508 4135 sicut
537 4070 705 4167 proportio
740 4068 1002 4159 quadratorum,
1029 4078 1108 4134 tunc
1131 4067 1236 4134 factus
1258 4088 1298 4134 ex
1321 4064 1515 4153 multiplica·

422 4195 510 4261 tione
532 4215 648 4262 eorum
674 4196 856 4284 quadratus
890 4216 1020 4274 eorum;
1040 4205 1072 4261 et
1096 4194 1174 4282 quia
1198 4195 1218 4259 l
1240 4193 1422 4283 quadratus
1445 4202 1514 4270 est,

421 4332 552 4409 oportet
575 4332 612 4387 ut
635 4321 692 4388 liat
714 4322 898 4411 quadratus
924 4321 977 4388 ille
1003 4342 1160 4387 numerus
1182 4341 1278 4408 quem
1299 4318 1513 4407 multiplicat,

423 4458 461 4514 ut
486 4447 591 4517 lactus
609 4471 648 4517 ex
670 4450 717 4516 eis
731 4449 772 4515 sit
790 4448 982 4536 quadratus.
1004 4449 1044 4513 Ει
1064 4449 1110 4515 sic
1129 4466 1304 4535 possumus
1324 4444 1514 4512 multimode
