4175 5792
1478 712 1499 775 5

410 858 492 926 linae
516 861 583 926 bc.
609 860 761 927 Similiter
778 858 1057 929 demonstrabitur
1080 860 1238 928 indirecto
1254 880 1324 928 esse
1343 859 1427 925 linea
1450 880 1467 923 c
1487 862 1498 921 i

407 985 489 1053 linae
504 1008 520 1053 c
533 990 560 1054 b.
578 987 687 1065 Quare
700 997 767 1055 tota
783 1008 804 1054 c
819 992 831 1053 i
846 986 931 1054 linea
947 999 1036 1056 recta
1051 997 1101 1054 est
1114 998 1147 1055 et
1160 988 1326 1055 continua.
1344 984 1498 1051 Similiter

409 1122 441 1179 et
458 1112 542 1180 linea
558 1117 578 1179 d
590 1126 602 1180 t
616 1125 666 1182 εει
677 1125 779 1190 recta,
792 1112 1081 1202 paralilogramum
1091 1131 1168 1200 crgo
1179 1121 1228 1179 est
1240 1107 1428 1199 superficies
1439 1130 1461 1175 u
1472 1122 1498 1184 t,

409 1251 442 1306 et
457 1252 507 1308 εει
526 1241 773 1330 orthogonium,
794 1260 870 1308 cum
886 1260 999 1308 omnes
1015 1240 1126 1329 anguli
1146 1240 1247 1327 ipsius
1265 1241 1329 1305 sint
1351 1239 1438 1305 recti.
1459 1238 1501 1305 Et

412 1378 471 1435 εει.
490 1390 521 1437 x.
542 1389 609 1435 una
626 1351 754 1458 queque
773 1368 933 1437 linearum
948 1388 969 1436 a
985 1371 1017 1441 d,
1039 1370 1110 1451 bg,
1125 1388 1141 1434 c
1159 1389 1192 1442 s,
1214 1370 1265 1434 it.
1286 1368 1403 1434 Verum
1419 1385 1502 1454 quo·

419 1496 507 1562 niam
522 1495 645 1564 lineae
665 1499 682 1561 b
700 1508 750 1563 est
768 1516 832 1562 una
856 1513 896 1562 ει
917 1495 1158 1582 suprascriptis.
1182 1517 1212 1560 ι.
1239 1492 1418 1568 radicibus,
1441 1495 1502 1559 erit

411 1622 599 1710 superficies
616 1624 823 1712 ocequalis.
841 1643 863 1690 ι
882 1622 1048 1690 radicibus
1063 1622 1230 1712 predictis,
1246 1642 1323 1688 cum
1347 1620 1431 1687 linea
1448 1622 1499 1702 bo

415 1748 468 1814 sit.
482 1767 515 1815 ι.
537 1748 703 1838 Siquidem
719 1760 751 1816 et
766 1750 954 1839 superficies
970 1751 989 1818 b
1003 1774 1021 1817 ι
1036 1761 1086 1818 εει
1101 1749 1229 1838 equalis
1244 1747 1347 1823 cubo,
1363 1746 1420 1835 qui
1432 1744 1502 1813 fita

413 1875 521 1944 radice
534 1899 556 1944 a
572 1880 604 1952 b,
619 1887 652 1944 et
667 1874 855 1965 superficies
870 1879 981 1968 itaque
998 1901 1014 1944 e
1031 1890 1042 1943 t
1061 1888 1109 1945 est
1125 1877 1251 1967 equalis
1269 1874 1400 1942 duobus
1418 1893 1500 1962 qua-

415 2001 530 2080 dratis,
546 2024 688 2093 quorum
705 2006 931 2093 unusquisque
947 2006 988 2072 sit
1004 2005 1048 2072 ab
1063 2003 1178 2072 eadem
1198 2001 1307 2069 radice
1329 2022 1350 2067 n
1369 2003 1396 2067 b.
1416 2001 1503 2087 Ergo

415 2139 484 2196 tota
506 2129 693 2218 superficies
718 2152 740 2197 u
761 2141 772 2196 t
794 2132 978 2197 continetur
1000 2153 1040 2199 ει
1062 2150 1128 2198 uno
1152 2128 1238 2197 cubo
1256 2140 1289 2196 et
1311 2150 1351 2196 ει
1372 2127 1503 2194 duobus

416 2255 587 2345 quadratis
602 2268 634 2325 et
652 2280 674 2324 ι
689 2257 869 2335 radicibus,
884 2258 941 2346 qui
956 2277 1071 2325 omnes
1088 2259 1254 2324 coniuncti
1269 2278 1349 2325 esse.
1363 2278 1413 2322 xx.
1430 2274 1505 2342 pro

417 2397 593 2476 ponuntur.
618 2385 727 2464 Quane
749 2384 937 2475 superficies
955 2396 1076 2452 otest.
1095 2407 1145 2451 ιι.
1162 2384 1203 2450 Ει
1218 2385 1373 2472 quoniam
1389 2403 1506 2448 unum-

417 2511 572 2602 quodque
594 2513 734 2581 laterum
755 2535 777 2581 u
797 2517 818 2579 d
838 2525 871 2581 et
892 2518 904 2579 i
927 2523 942 2580 t
966 2524 1025 2580 est.
1049 2532 1080 2579 ι.
1104 2513 1166 2579 erit
1189 2509 1413 2610 unuquodque
1439 2509 1503 2600 (sic)

417 2638 557 2708 laterum
580 2661 601 2709 c
623 2644 636 2707 i
656 2651 690 2708 et
712 2645 733 2707 d
752 2652 763 2707 t
780 2640 857 2708 duo.
881 2640 965 2708 Cum
987 2638 1178 2728 superficies
1199 2661 1220 2707 a
1245 2651 1256 2704 t
1279 2639 1331 2705 sit.
1350 2658 1404 2705 ιι.
1427 2638 1506 2704 Dico
1583 2609 1588 2619 Ι

419 2769 562 2855 primum
578 2768 689 2857 itaque
700 2768 843 2837 radicem
862 2790 883 2837 a
899 2770 917 2834 b
935 2789 1006 2836 esse
1025 2787 1091 2835 non
1107 2789 1202 2857 posse
1212 2789 1253 2835 ex
1263 2766 1408 2835 numeris
1427 2766 1434 2855 Ι
1454 2788 1505 2834 ra-
1533 2799 1563 2845 rc.
1577 2800 1651 2834 scm

419 2895 699 2985 tiocinatisneque
712 2918 752 2963 ex
771 2895 936 2963 radicibus
956 2896 1240 2970 ratiocinatorum,
1259 2895 1312 2962 uel
1331 2916 1371 2962 ει
1390 2894 1505 2961 radici-

418 3022 481 3091 bus
503 3022 652 3092 radicum
676 3025 963 3100 ratiocinatorem,
984 3045 1043 3091 seu
1067 3045 1107 3091 ex
1128 3045 1185 3091 sex
1206 3023 1352 3091 numeris
1371 3023 1506 3091 coniun-

418 3150 498 3225 ctis,
522 3161 580 3217 aut
601 3172 642 3217 ει
663 3171 719 3219 εει
742 3152 886 3219 numeris
906 3150 1045 3219 residuis
1068 3152 1315 3240 suprascriptis,
1339 3172 1444 3239 neque
1466 3172 1505 3217 ax

420 3274 585 3347 radicibus
607 3280 931 3348 coniunctorumuel
951 3282 1141 3348 recisorum.
1165 3281 1206 3345 Et
1225 3278 1426 3367 si'possibiIs
1442 3289 1508 3352 ast,

418 3416 489 3475 esto
513 3409 656 3497 primum
680 3407 770 3475 radix
794 3412 848 3476 ab
869 3431 910 3478 ει
937 3410 1106 3484 numeris,
1130 3408 1188 3496 qui
1213 3418 1291 3475 sunt
1321 3407 1506 3474 ratiocinati

420 3534 621 3629 lopgitudine
639 3547 672 3603 ει
687 3535 841 3625 potentia.
857 3536 898 3601 Et
915 3536 1072 3625 quoniam
1088 3545 1157 3601 tota
1171 3539 1216 3600 ni
1234 3544 1283 3601 est
1302 3533 1381 3608 duo,
1400 3544 1433 3600 et
1452 3534 1508 3600 ab

421 3660 528 3727 minor
548 3674 598 3730 εει
615 3683 717 3751 quarn
740 3666 803 3737 oi,
826 3681 903 3749 argo
922 3660 1014 3727 radix
1036 3662 1091 3727 ab
1111 3660 1219 3726 minus
1236 3669 1286 3726 εει
1305 3656 1441 3724 binario.
1467 3657 1509 3723 Et

421 3786 500 3875 quia
522 3788 664 3874 positum
686 3799 736 3856 εει
760 3789 864 3878 ipsam
888 3809 909 3855 o
932 3791 1039 3855 besse
1061 3810 1102 3855 ει
1123 3788 1267 3855 numeris
1290 3786 1507 3861 ratiocinatis,

420 3924 479 3982 aut
500 3915 586 3983 enim
600 3928 650 3983 est
665 3919 789 4008 integer
803 3939 960 3987 numerus
983 3940 1003 3985 u
1027 3920 1058 3994 b,
1083 3929 1140 3983 aut
1163 3916 1300 3989 fractus,
1323 3929 1394 3982 esto
1417 3916 1508 4002 prius

423 4044 546 4132 integer
559 4041 587 4108 si
602 4052 652 4109 est
667 4045 830 4132 possibile.
851 4046 893 4111 Et
908 4046 1066 4135 quoniam
1084 4045 1195 4111 nulius
1211 4065 1367 4110 numerus
1382 4041 1507 4128 integer

421 4181 471 4236 εει
493 4169 600 4237 minor
619 4169 746 4238 binario
769 4173 830 4238 nisi
854 4172 984 4249 unitas,
1008 4172 1072 4238 erit
1098 4190 1176 4258 ergo
1198 4170 1291 4237 radix
1313 4171 1368 4237 ab
1391 4187 1504 4234 unum.
1553 4254 1556 4260 Ι

422 4297 531 4376 Quare
553 4296 740 4388 superficies
762 4302 780 4364 b
802 4302 822 4366 d
844 4301 915 4366 erit.
934 4321 965 4366 ι.
985 4311 1018 4366 ει
1036 4298 1164 4373 cubus,
1187 4299 1244 4386 qui
1264 4295 1300 4361 fit
1318 4294 1362 4361 ab
1382 4293 1507 4361 unitate

418 4449 440 4493 u
452 4430 483 4503 b,
496 4428 618 4494 scilicet
636 4425 897 4516 superficiesda
914 4430 975 4495 erit
987 4450 1100 4497 unum.
1117 4429 1199 4493 item
1210 4437 1243 4493 et
1261 4425 1327 4492 duo
1340 4423 1505 4512 quadrari,

424 4555 577 4644 quisunt
601 4555 644 4623 ab
666 4556 790 4622 unitate
807 4577 828 4623 o
848 4555 887 4631 b,
912 4557 1035 4623 scilieet
1053 4554 1240 4642 superficies
1263 4559 1273 4619 i
1297 4577 1315 4619 z
1337 4555 1398 4622 erit
1420 4551 1505 4627 duo,
