4175 5792
498 718 540 785 ii

497 883 662 929 numerus.
680 863 737 930 Est
757 864 925 952 proportio
946 860 965 949 f
976 865 996 929 ir
1014 862 1056 930 ad
1079 883 1151 942 co,
1171 854 1256 930 sic'ut
1280 880 1438 927 numerus
1458 857 1502 925 ad
1527 879 1593 925 nu·

496 1008 631 1058 merum.
652 991 761 1070 Quare
776 990 1080 1059 commensurabilis
1098 1001 1147 1059 θεῖ
1160 991 1211 1076 sk
1229 990 1343 1058 lineec
1362 1009 1393 1057 o.
1412 987 1593 1055 Diuidatur

494 1118 604 1205 itaque
625 1115 814 1205 superficies
836 1117 858 1182 d
879 1119 899 1181 k
922 1118 954 1182 in
976 1127 1122 1205 quatuor
1151 1113 1339 1204 superficies
1366 1112 1591 1202 rectiangulus

494 1265 551 1326 po
573 1254 642 1311 etc
666 1246 676 1308 t
697 1254 730 1311 θῖ
752 1247 773 1310 d
793 1266 812 1311 o
833 1257 866 1310 θῖ
888 1267 907 1311 o
931 1246 959 1310 ir.
984 1244 1026 1310 Et
1048 1243 1127 1332 quia
1150 1265 1169 1327 p
1194 1241 1588 1328 betdssuntnumeri,

376 1425 381 1436 .
412 1410 466 1436 „aa
498 1386 655 1440 numerus
676 1383 725 1439 est
747 1393 826 1460 ergo
849 1382 919 1438 tota
939 1394 959 1456 p
981 1375 1005 1457 f.
1030 1371 1089 1437 Est
1116 1373 1207 1453 enim
1231 1382 1264 1437 et
1296 1370 1383 1436 linea
1403 1374 1459 1454 [o
1489 1370 1496 1457 Ι
1525 1388 1590 1436 nu·

496 1523 606 1570 merus
628 1522 705 1569 curn
729 1501 770 1566 sit
799 1500 926 1589 equalis
959 1500 1043 1567 linae
1076 1503 1143 1567 bc.
1167 1499 1276 1578 Quare
1314 1496 1504 1588 superficies
1526 1521 1546 1582 p
1569 1520 1592 1565 o

490 1639 539 1696 est
562 1629 775 1703 ratiocinata,
795 1637 827 1692 θῖ
845 1627 924 1716 quia
945 1631 964 1711 f
983 1629 1003 1692 t
1021 1638 1071 1693 est
1090 1625 1395 1695 commensurabiiis
1413 1626 1496 1693 iinee
1512 1642 1531 1692 c
1549 1647 1586 1702 o,

492 1766 524 1823 et
539 1755 625 1822 linea
641 1776 696 1840 op
713 1753 1018 1822 commensurabilis
1036 1764 1085 1820 est
1103 1753 1187 1820 linee
1205 1774 1220 1819 c
1239 1773 1274 1828 u,
1294 1773 1370 1819 cum
1393 1752 1435 1818 sit
1456 1752 1587 1842 equalis

492 1885 575 1952 linae
595 1887 615 1970 s
633 1886 662 1950 t.
687 1882 796 1962 Quare
818 1883 1007 1971 superficies
1029 1904 1049 1949 o
1073 1885 1083 1947 t
1104 1892 1154 1948 est
1184 1881 1386 1948 ratiocinata.
1419 1882 1587 1949 Numerus

492 2031 570 2100 ergo
592 2021 668 2078 sunt
691 2008 879 2100 superficies
901 2032 921 2094 p
943 2018 1045 2077 ceto
1064 2012 1083 2074 t.
1103 2009 1229 2075 Rursus
1250 2007 1330 2096 quia
1355 2007 1483 2074 numeri
1505 2018 1586 2075 sunt

493 2160 516 2204 o
531 2162 550 2206 o
566 2150 599 2205 ct
616 2161 635 2206 c
650 2139 671 2227 s
678 2149 710 2206 θῖ
728 2139 749 2227 s
758 2141 792 2215 tr,
815 2149 864 2205 est
880 2134 1185 2205 commensurabilis
1206 2155 1269 2203 ru.
1294 2134 1585 2203 Commemorabi-

486 2259 538 2333 'les
560 2278 637 2334 sunt
659 2265 849 2357 superficies
865 2270 918 2332 do
935 2276 1001 2333 eto
1023 2267 1053 2330 Ιῖ.
1069 2263 1178 2343 Quare
1197 2260 1387 2352 superficies
1402 2266 1423 2328 d
1441 2285 1460 2330 o
1475 2273 1507 2330 θῖ
1527 2286 1546 2331 o
1564 2265 1586 2329 Ιῖ

492 2405 643 2461 constant
657 2417 697 2462 cx
716 2392 882 2461 radicibus
894 2391 956 2458 sibi
973 2392 1114 2458 inuicem
1131 2389 1492 2469 commensurabilibus,
1505 2411 1583 2457 cum

494 2522 621 2588 numeri
640 2522 705 2588 sint
723 2542 746 2587 o
764 2530 831 2588 oct
849 2520 953 2608 os,et
976 2526 1113 2608 possunt
1136 2516 1326 2604 congregari
1349 2525 1382 2582 et
1406 2514 1517 2583 reduci
1541 2516 1584 2584 ad

493 2646 636 2714 radicem
655 2666 770 2722 unam,
787 2646 866 2736 quia
877 2665 953 2712 cum
964 2654 1205 2734 congregantur
1217 2641 1343 2710 radices
1365 2643 1427 2710 sibi
1441 2644 1582 2711 inuicem

493 2772 817 2850 commensurabiles,
836 2772 1043 2862 progreditur
1058 2792 1098 2839 ex
1111 2790 1225 2839 eorum
1242 2772 1495 2861 congragatione
1512 2769 1578 2862 (sic)

495 2898 589 2965 radix
611 2900 738 2967 numeri
761 2911 912 2981 tantnm3
935 2919 1013 2988 ergo
1042 2908 1111 2965 tota
1146 2895 1336 2987 superficies
1358 2899 1421 2965 dit
1454 2909 1584 2966 constat

491 3049 532 3095 cx
554 3049 692 3096 numero
714 3040 747 3096 ct
770 3027 900 3105 radice,
924 3028 979 3095 oui
1012 3025 1196 3116 superficiei
1230 3026 1357 3115 equalis
1386 3037 1436 3094 θεῖ
1470 3048 1585 3115 super-

492 3153 581 3224 ficies
603 3159 670 3234 dc,
689 3177 766 3225 cum
789 3155 915 3245 equalis
952 3157 995 3223 sit
1016 3154 1205 3244 superficies
1230 3174 1248 3218 ε
1271 3156 1289 3220 b
1312 3152 1496 3244 superficiei
1522 3157 1539 3220 t
1562 3157 1581 3220 t.

491 3284 579 3374 Ergo
600 3293 633 3353 ct
654 3284 844 3374 superficies
867 3289 887 3352 d
906 3306 921 3352 e
937 3291 1067 3351 constat
1080 3304 1120 3350 ex
1138 3301 1275 3349 numero
1293 3292 1327 3348 et
1345 3281 1474 3356 radice,
1494 3281 1585 3348 simi-

491 3412 565 3480 liter
586 3421 618 3479 θῖ
640 3411 829 3502 superficies
851 3435 867 3479 e
891 3421 1064 3480 t'constat
1088 3430 1128 3477 ex
1150 3429 1289 3477 numero
1312 3420 1344 3475 ct
1368 3407 1477 3476 radice
1503 3426 1583 3475 cum

490 3540 533 3605 sit
554 3525 691 3628 duplum
714 3541 841 3608 numeri
865 3542 928 3606 dir.
948 3540 1058 3619 Quare
1082 3548 1151 3605 tota
1174 3535 1363 3627 superficies
1386 3537 1584 3604 diconstat

491 3687 531 3733 ex
545 3685 683 3732 numero
698 3678 731 3733 et
751 3665 928 3742 radicibus,
943 3688 1020 3758 ergo
1038 3688 1105 3734 nun
1124 3678 1174 3735 θεῖ
1192 3685 1350 3732 uumerus
1364 3664 1507 3752 spatium
1523 3668 1580 3744 di,

493 3812 569 3859 cum
581 3791 775 3861 sitduamm
797 3792 861 3888 (sic)
883 3786 936 3864 nel
953 3797 1098 3887 plurium
1117 3796 1297 3862 nominum.
1316 3793 1387 3860 Non
1402 3814 1480 3884 ergo
1495 3794 1582 3863 linea

490 3925 540 3988 ob
556 3932 659 3989 estex
675 3931 739 3988 uu⁰¹
751 3923 983 3992 binomialibus
998 3923 1188 4013 compositis
1202 3936 1243 3989 ex
1255 3934 1392 3988 numero
1407 3943 1447 3990 cx
1461 3920 1582 3990 radice.

492 4049 554 4118 Sed
572 4051 600 4118 si
618 4051 771 4140 possibile
789 4063 853 4130 est,
870 4062 940 4121 esto
957 4072 1072 4119 rursus
1093 4049 1178 4116 linea
1196 4069 1217 4116 u
1241 4053 1259 4112 t
1277 4047 1463 4116 binomialis
1487 4049 1585 4116 tertia

487 4176 541 4242 uel
559 4189 661 4255 sexta,
679 4180 802 4248 scilicet
816 4181 1002 4269 composita
1018 4199 1059 4245 ex
1083 4175 1214 4245 duabus
1238 4175 1405 4244 radicibus
1428 4175 1582 4251 diuersis,

486 4301 580 4368 cuius
609 4307 741 4372 nomina
769 4307 835 4372 sint
864 4306 941 4372 item
966 4307 984 4370 b
1009 4326 1026 4371 c
1049 4314 1082 4372 θῖ
1103 4325 1120 4372 c
1143 4325 1174 4372 u.
1205 4304 1315 4384 Quare
1337 4325 1376 4372 ex
1401 4307 1455 4371 ou
1487 4305 1521 4369 in
1546 4325 1584 4372 se

490 4433 640 4518 prouenit
654 4433 838 4502 binomium
849 4433 1009 4521 primum,
1024 4430 1113 4522 quod
1131 4444 1179 4498 cst
1199 4437 1216 4499 b
1232 4435 1264 4509 Ιῖ,
1283 4452 1351 4521 quo
1367 4429 1467 4497 ducto
1486 4431 1519 4496 in
1532 4433 1549 4497 b
1561 4453 1583 4498 o

488 4558 639 4647 prouenit
657 4562 800 4649 spatium
820 4564 838 4628 b
858 4564 890 4638 t,
902 4559 992 4651 quod
1010 4573 1060 4628 est
1075 4562 1192 4652 equale
1207 4560 1294 4628 cubo
1315 4561 1372 4625 br.
1391 4558 1502 4638 Quare
1515 4569 1586 4627 tota

489 4683 678 4774 superficies
693 4692 714 4754 d
728 4691 759 4766 ir,
776 4689 900 4758 scilicet
919 4689 1108 4781 superficies
1122 4693 1143 4757 d
1160 4711 1197 4769 o,
1217 4697 1407 4772 epconstat
1423 4708 1462 4755 ex
1480 4686 1582 4755 ducto
