4175 5792
1541 707 1584 770 99

494 847 556 921 eis,
576 843 700 912 scilicet
721 845 775 913 25.
798 856 848 912 est
869 846 1073 935 quadratus,
1097 857 1129 914 et
1152 846 1332 915 aufferatur
1353 850 1374 917 9
1398 847 1440 915 de
1462 851 1520 924 ld,
1536 868 1585 914 re-

493 982 639 1040 manent.
656 970 702 1051 7.,
716 973 784 1062 qui.
799 973 830 1040 7.
847 983 1034 1063 potestesse
1049 995 1252 1064 congruum:
1270 974 1497 1065 multiplicatio
1514 976 1586 1064 qui-

492 1099 571 1168 dem
591 1099 682 1188 dupli
704 1097 755 1166 de.
778 1100 809 1165 9.
834 1100 867 1166 in
889 1099 1028 1189 duplum
1052 1099 1102 1170 de.
1129 1104 1181 1169 l6.
1205 1101 1281 1169 facit
1303 1100 1502 1191 quadratum
1526 1123 1587 1167 nu-

494 1248 645 1304 merum,
666 1227 800 1295 scilicet.
825 1229 902 1294 576.
929 1229 986 1317 qui
1014 1229 1041 1295 si
1076 1228 1312 1317 multiplicetur
1335 1250 1392 1318 per
1414 1231 1467 1296 25.
1491 1229 1587 1296 faciet

495 1356 616 1423 iterum
638 1356 839 1445 quadratum
854 1378 1052 1433 numerum,
1071 1357 1127 1445 qui
1145 1357 1172 1423 si
1196 1356 1338 1423 ducetur
1357 1379 1423 1445 per.
1440 1357 1472 1423 7.
1492 1357 1587 1425 faciet

494 1503 703 1574 congruum:
725 1505 813 1574 ergo.
839 1485 900 1551 ll*
924 1484 995 1551 eius
1017 1505 1095 1574 pars
1116 1485 1177 1552 erit
1199 1484 1372 1574 quadrata.

562 1613 641 1681 Volo
664 1613 810 1679 inuenire
831 1633 1006 1679 numerum
1028 1611 1253 1701 quadratum,
1275 1614 1328 1681 cui
1352 1612 1463 1680 addita
1481 1611 1590 1681 radice

496 1740 600 1830 ipsius
621 1740 720 1808 iaciat
742 1738 941 1829 quadratum
964 1760 1160 1816 numerum,
1185 1750 1219 1806 et
1239 1741 1267 1806 si
1284 1740 1355 1830 ipsa
1378 1739 1471 1806 radix
1488 1740 1589 1809 auffe-

494 1877 589 1934 ratur
611 1865 654 1933 ab
676 1886 737 1944 eo,
762 1877 929 1934 remaneat
951 1867 1099 1934 similiter
1118 1887 1275 1934 numerus
1298 1867 1489 1957 quadratus.

564 1993 720 2061 Adiaceat
737 2013 921 2084 congruum
938 1993 1087 2061 similiter
1101 2015 1178 2061 cum
1194 1995 1263 2061 suis
1279 1993 1384 2061 tribus
1395 1994 1587 2083 quadratis,

495 2121 556 2210 qui
579 2131 657 2187 sunt
678 2120 808 2186 numeri
828 2141 850 2186 a
870 2119 911 2197 b,
934 2141 955 2186 a
974 2142 1017 2209 9,
1037 2141 1058 2185 a
1079 2120 1102 2186 d
1124 2118 1181 2212 (l).
1199 2122 1313 2205 Quare¹
1325 2140 1508 2210 congruum
1526 2122 1588 2188 erit

493 2271 651 2318 numerus
674 2253 692 2316 b
713 2273 753 2334 9,
776 2260 809 2316 et
825 2271 846 2336 9
870 2249 892 2315 d
903 2297 911 2326 ,
934 2259 966 2316 et
985 2245 1153 2315 diuidetur
1168 2247 1395 2337 unusquisque
1413 2247 1590 2337 quadrato-

448 2412 451 2423 ·
494 2401 574 2446 rum
603 2380 611 2468 Ι
639 2377 714 2455 ab,
738 2399 758 2445 o
781 2398 821 2461 9,
844 2398 866 2443 o
886 2379 907 2442 d
929 2395 1198 2465 percongruum
1223 2377 1303 2464 tq,
1336 2387 1368 2443 et
1390 2377 1587 2465 proueniant
1614 2394 1741 2443 rueme.

493 2507 624 2575 numeri
645 2527 662 2572 e
687 2529 721 2582 z,
750 2508 815 2582 ei,
848 2526 865 2571 e
892 2505 934 2580 t,
957 2515 989 2571 et
1010 2503 1229 2587 constituatur
1252 2525 1350 2592 super
1370 2525 1386 2571 e
1407 2506 1419 2570 ι’
1443 2515 1585 2595 tetrago-

494 2655 577 2701 num
599 2653 615 2698 e
646 2635 687 2709 l,
719 2642 752 2699 et
776 2631 981 2720 compleatur
1012 2628 1202 2718 superficies
1222 2634 1233 2696 l
1257 2630 1299 2711 t,
1317 2641 1350 2698 et
1378 2653 1398 2698 a
1417 2640 1540 2721 puncto
1562 2653 1583 2697 s

492 2760 696 2850 equidistans
720 2757 816 2826 rectis
837 2758 850 2822 i
870 2758 891 2823 lr
911 2769 945 2826 et
960 2781 975 2826 e
992 2761 1003 2823 l
1021 2757 1233 2848 protrahatur
1257 2770 1345 2827 recta
1363 2782 1384 2826 z
1407 2768 1438 2826 t:
1457 2768 1490 2825 et
1505 2778 1588 2848 quo-

493 2889 584 2955 niam
607 2909 765 2955 numerus
786 2907 843 2952 ez
869 2886 1022 2974 prouenit
1050 2907 1089 2952 ex
1116 2885 1275 2953 diuisione
1297 2886 1424 2953 numeri
1444 2889 1503 2953 ab
1528 2906 1587 2975 per

497 3019 518 3083 lt
536 3037 578 3104 9,
603 3027 636 3082 ct
658 3017 883 3082 numerasti
905 3014 1056 3100 prouenit
1079 3036 1118 3082 ex
1141 3014 1301 3084 diuisione
1318 3015 1445 3082 numeri
1468 3036 1526 3103 α9
1550 3015 1583 3078 in

493 3162 679 3232 congruum
702 3141 721 3208 b
737 3165 782 3230 9,
804 3161 962 3207 numerus
984 3138 1118 3228 quidem
1136 3162 1157 3206 z
1175 3144 1188 3204 i
1210 3140 1359 3227 prouenit
1373 3161 1413 3206 ex
1424 3137 1585 3206 diuisione

496 3271 517 3336 b
535 3291 557 3358 9
580 3269 613 3335 in
635 3291 671 3337 se
691 3287 769 3357 ergo
790 3271 858 3345 zi,
881 3276 931 3334 cst
953 3269 983 3333 l.
1019 3266 1194 3343 Similiter,
1217 3267 1296 3355 quia
1317 3263 1504 3331 diuisood
1528 3284 1585 3351 per

491 3417 682 3488 congruum
698 3417 719 3484 9
738 3396 761 3462 d
768 3445 777 3473 ,
800 3394 864 3462 hec
885 3406 935 3463 est
955 3416 1015 3484 per
1037 3397 1104 3483 dp,
1123 3393 1275 3482 prouenit
1293 3412 1451 3459 numerus
1470 3395 1535 3467 tlt,
1554 3398 1587 3456 et

492 3545 535 3591 ex
557 3523 717 3592 diuisione
731 3548 752 3592 a
768 3545 787 3606 9
808 3522 841 3588 in
856 3544 875 3605 9
891 3523 912 3588 d
919 3575 926 3600 ,
950 3523 1101 3611 prouenit
1121 3544 1137 3587 e
1152 3523 1172 3588 i.
1196 3521 1286 3610 Ergo
1304 3521 1345 3587 ile
1365 3519 1536 3608 proueniet
1553 3527 1586 3585 et

490 3671 534 3718 ex
555 3649 714 3747 diuisione
734 3650 791 3734 od
812 3650 844 3715 in
860 3670 904 3718 se.
932 3649 1041 3727 Quare
1062 3648 1110 3715 tt
1132 3660 1181 3715 est
1208 3647 1363 3715 similiter.
1383 3651 1434 3715 l.:
1460 3646 1585 3737 equalis

493 3787 545 3844 cst
566 3796 645 3866 ergo
668 3777 689 3842 t
710 3779 723 3843 ι’
744 3788 832 3845 recte
854 3779 867 3842 i
886 3800 908 3845 z
919 3800 932 3857 ;
953 3786 986 3844 et
1005 3775 1160 3865 quoniam
1179 3795 1279 3864 super
1303 3784 1424 3841 rectem
1443 3795 1459 3840 e
1475 3774 1488 3837 i
1505 3791 1583 3839 con-

491 3902 646 3970 stitutum
668 3915 718 3970 est
742 3915 948 3993 tetragonum
963 3924 980 3970 e
998 3903 1041 3979 le,
1064 3912 1096 3969 ct
1112 3902 1158 3968 lii
1180 3911 1239 3967 est.
1256 3903 1305 3976 l„
1319 3896 1507 3989 superficies
1526 3898 1585 3961 ita-

490 4050 557 4118 que
579 4033 600 4095 lt
622 4035 663 4105 lt,
688 4031 742 4099 uel
768 4034 788 4096 t
815 4055 856 4107 z,
888 4042 937 4099 est
971 4029 1067 4097 radix
1089 4029 1247 4117 tetragonj
1280 4027 1346 4094 ck.
1371 4028 1457 4114 Ergo
1486 4045 1583 4112 super

495 4164 702 4247 tetragonum
722 4162 770 4224 tlt
785 4157 927 4226 addatur
944 4159 1014 4225 eius
1030 4155 1137 4232 radix,
1155 4156 1279 4223 scilicet
1296 4153 1484 4244 superficies
1501 4155 1520 4217 lt
1540 4156 1582 4227 lt,

491 4286 665 4375 proueniat
687 4284 876 4375 superficies
894 4289 904 4350 l
926 4287 968 4363 ις
989 4287 1063 4353 etsi
1078 4308 1118 4353 ex
1140 4284 1302 4374 quadrato
1320 4305 1336 4349 e
1361 4284 1382 4349 lr
1404 4280 1584 4348 aufferatur

491 4416 563 4485 eius
582 4414 692 4492 radix,
708 4436 774 4505 que
791 4415 876 4480 cstlt
898 4437 939 4489 z,
957 4413 1138 4482 remanebit
1160 4411 1348 4502 superficies
1368 4434 1386 4478 z
1410 4410 1436 4477 l:
1450 4421 1482 4478 et
1500 4430 1583 4499 quo-

492 4547 583 4614 niam
597 4567 639 4612 ex
652 4543 814 4612 diuisione
826 4560 1039 4610 numerorum
1060 4561 1080 4608 a
1100 4543 1122 4605 b.
1137 4550 1169 4607 et
1186 4561 1241 4627 oq
1264 4550 1296 4606 et
1314 4538 1371 4606 od
1389 4538 1421 4604 in
1441 4538 1583 4630 aliquem

570 4712 604 4772 μ)
621 4710 685 4760 verr
702 4709 754 4774 arg.
771 4708 810 4760 ao.
