4175 5792
498 713 542 777 50

497 875 563 924 non
578 864 611 924 et
629 859 800 945 proportio
815 864 826 925 t
841 860 863 925 d
877 859 918 925 ad
934 864 954 926 d
971 863 989 925 6
1006 872 1057 927 est
1074 862 1161 927 siout
1186 863 1389 950 proportiolr
1411 860 1491 927 aad
1514 882 1536 926 a
1561 863 1601 939 6,·

495 982 897 1066 sadhoexabestf,
932 998 1087 1076 quarect
1113 991 1165 1054 id
1193 999 1243 1055 est
1272 992 1288 1068 ξ
1318 987 1404 1054 exd
1432 989 1460 1053 6.
1486 988 1601 1053 Etest

498 1112 651 1180 bhexb
671 1116 837 1193 officum
862 1116 880 1180 6
902 1137 922 1182 u
944 1116 987 1182 sit
1008 1117 1073 1191 ld,
1096 1127 1129 1183 et
1159 1119 1177 1181 6
1208 1118 1292 1182 ltsit
1316 1119 1358 1195 6,
1382 1116 1511 1183 scilicet
1533 1137 1601 1184 mc-

388 1256 397 1289 1
456 1265 467 1289 ο
499 1238 604 1306 dietas
624 1240 630 1326 Ι
649 1242 723 1307 exo
745 1263 774 1317 o,
792 1241 855 1308 erit
870 1244 932 1307 eti
954 1244 972 1306 6
996 1264 1036 1309 ex
1060 1245 1078 1307 6
1098 1246 1119 1309 d
1138 1248 1164 1322 {-
1188 1246 1229 1310 Et
1251 1245 1330 1334 quia
1358 1244 1464 1311 latera
1488 1254 1602 1332 penta-

495 1368 570 1456 gonj
591 1388 612 1433 u
633 1367 656 1433 d
675 1379 708 1434 et
726 1389 747 1434 a
764 1392 783 1452 p
799 1379 876 1435 sunt
894 1368 957 1435 sihi
981 1370 1123 1437 inuicem
1143 1370 1289 1460 aqualia,
1308 1371 1336 1437 si
1352 1370 1527 1439 auferatur
1542 1392 1566 1437 c
1581 1372 1603 1437 d

496 1496 633 1568 exat,
657 1505 905 1578 etuqexoc,
929 1495 1147 1563 remanebunt
1164 1508 1251 1564 recto
1269 1498 1535 1587 dtetpcaibi
1553 1499 1600 1565 in·

496 1624 604 1689 uicem
623 1619 775 1710 equales;
790 1630 868 1687 sunt
883 1623 970 1689 enim
986 1624 1036 1710 qs
1044 1626 1078 1690 et
1092 1624 1304 1714 deequales3
1327 1624 1393 1694 duo
1411 1646 1495 1716 ergo
1514 1638 1601 1693 rectu

496 1761 597 1834 poet
615 1750 814 1834 psduabus
834 1756 852 1816 6
871 1753 1011 1819 detde
1034 1763 1111 1818 sunt
1133 1753 1282 1841 equalem,
1300 1764 1333 1819 et
1351 1754 1498 1844 angulus
1514 1757 1598 1843 [cp

495 1879 617 1968 angulo
630 1902 647 1946 e
663 1884 775 1947 idest
786 1881 926 1969 equalis,
943 1902 1018 1947 cum
1032 1883 1256 1970 equicrurium
1271 1883 1317 1947 sit
1329 1883 1499 1971 trigonum
1510 1905 1531 1951 a
1543 1886 1600 1963 da·

496 2027 600 2095 quare
612 2006 700 2073 basis
714 2009 732 2071 6
747 2029 763 2072 e
779 2006 850 2073 basi
868 2031 883 2074 c
900 2009 921 2095 f
931 2019 981 2075 oet
997 2007 1138 2098 equalis,
1157 2009 1306 2075 estonim
1324 2011 1342 2073 6
1359 2009 1522 2098 lequalis
1537 2031 1556 2075 c
1569 2011 1600 2075 t·

495 2133 583 2201 unde
601 2135 628 2201 si
644 2156 684 2201 ex
702 2134 721 2200 6
739 2136 759 2200 l
778 2135 946 2201 auferatur
962 2140 980 2200 6
994 2158 1025 2211 e,
1045 2147 1078 2202 et
1094 2158 1169 2202 exc
1190 2136 1474 2224 hauseramus,
1491 2158 1598 2204 rema·

497 2261 587 2329 uehit
609 2264 664 2350 sl
686 2265 814 2353 equalis
837 2266 856 2330 h
879 2287 905 2329 e.
930 2264 988 2329 His
1012 2265 1123 2353 itaque
1145 2263 1300 2331 omnibus
1323 2263 1519 2343 intellectio,
1543 2284 1599 2354 po·

498 2412 574 2456 nam
595 2391 876 2481 unumquodque
897 2391 983 2458 latus
1006 2393 1180 2480 pentagonj
1205 2413 1288 2466 rem,
1310 2394 1428 2459 eterit
1450 2415 1468 2459 c
1487 2399 1509 2461 t
1531 2415 1600 2461 me-

496 2518 601 2586 dietas
620 2520 682 2598 rei;
699 2541 803 2608 quare
821 2521 942 2586 deerit
958 2524 979 2586 6
999 2522 1108 2586 minus
1131 2521 1306 2589 medietate
1324 2523 1386 2598 rei,
1397 2532 1430 2588 et
1449 2523 1600 2590 auferam

495 2667 515 2711 u
537 2647 657 2712 dexo
682 2645 716 2720 6,
732 2646 857 2712 scilicet
882 2667 951 2711 rem
980 2644 1022 2712 de
1044 2648 1106 2720 40,
1129 2647 1312 2714 remanebit
1334 2652 1356 2713 d
1378 2651 1397 2713 6
1420 2651 1464 2715 fd
1489 2651 1601 2718 minus

497 2793 546 2847 re,
569 2772 611 2839 de
632 2773 757 2862 quibus
777 2775 938 2864 accipiam
971 2777 999 2852 ξ.
1024 2784 1057 2840 et
1080 2772 1211 2840 habebo
1233 2795 1294 2863 pro
1324 2775 1461 2843 catheto
1493 2778 1519 2843 d
1544 2781 1559 2844 i
1579 2782 1601 2846 8

496 2903 606 2966 minus
626 2905 641 2979 t
663 2903 718 2968 rei.
746 2903 787 2967 Et
803 2903 965 2991 accipiam
983 2922 1099 2967 rursus
1120 2906 1136 2980 ξ
1157 2923 1199 2969 ex
1212 2905 1233 2968 d
1248 2905 1282 2973 6,
1298 2914 1331 2968 et
1351 2902 1485 2971 habebo
1500 2909 1524 2972 6
1538 2907 1601 2972 mi-

495 3048 558 3094 nus
581 3031 596 3109 ξ
616 3034 660 3096 rai
678 3051 737 3120 pro
758 3031 842 3097 linea
871 3033 888 3094 6
908 3035 921 3094 t
928 3081 936 3105 ,
955 3039 1005 3096 est
1022 3029 1109 3096 enim
1127 3039 1161 3094 et
1179 3031 1197 3091 6
1215 3049 1232 3093 e
1255 3030 1401 3096 dminus
1419 3031 1601 3099 medietato

499 3158 567 3224 rei:
592 3179 697 3247 quare
718 3159 746 3223 si
766 3157 954 3224 auferamus
974 3159 1018 3221 tt
1034 3177 1075 3221 err
1094 3158 1112 3220 6
1133 3177 1162 3227 e,
1177 3153 1359 3220 remanebit
1374 3157 1388 3218 i
1402 3177 1419 3221 c
1432 3157 1465 3235 ι’,
1480 3157 1545 3233 rei,
1567 3168 1601 3225 ct

496 3287 543 3354 sic
562 3298 658 3354 erunt
677 3287 780 3353 latera
798 3285 947 3374 triangolj
967 3286 1044 3350 dei
1066 3294 1162 3357 nota,
1184 3293 1217 3349 et
1240 3283 1320 3369 quia
1341 3284 1486 3373 angulus
1507 3286 1533 3351 d
1552 3288 1567 3350 i
1584 3307 1601 3351 c

496 3424 545 3479 est
580 3425 702 3487 rectus,
737 3426 833 3480 erunt
871 3412 1035 3500 quadrata
1070 3410 1211 3476 laterum
1233 3413 1254 3476 d
1275 3415 1287 3474 i
1317 3421 1350 3476 et
1371 3416 1384 3474 i
1415 3433 1432 3476 c
1464 3411 1601 3501 equalia

497 3540 661 3628 quadrato
678 3542 760 3608 linea
782 3543 805 3607 d
822 3563 855 3613 e,
878 3540 968 3628 quod
983 3538 1184 3626 quadratum
1208 3550 1258 3603 est
1281 3559 1419 3614 census,
1442 3558 1525 3604 cum
1545 3540 1602 3605 dc

497 3668 538 3731 sit
563 3689 614 3733 res
633 3690 642 3745 ;
666 3689 769 3757 quare
792 3665 1020 3756 multiplicabo
1037 3667 1060 3731 d
1078 3668 1112 3741 i,
1136 3666 1259 3732 scilicet
1282 3668 1304 3731 8
1326 3665 1436 3731 minus
1457 3672 1474 3745 ξ
1498 3668 1547 3733 rei
1567 3667 1602 3733 in

499 3815 554 3865 se,
574 3795 706 3860 uenient
723 3793 858 3883 dragme
874 3796 918 3860 dl
941 3807 974 3860 et
996 3797 1024 3872 l}
1043 3813 1175 3868 census,
1195 3793 1303 3858 minus
1320 3791 1421 3858 rebus
1439 3797 1456 3871 ἓ
1475 3795 1543 3871 ta,
1567 3805 1602 3861 et

499 3919 726 4008 multiplicabo
751 3925 810 3993 ie,
827 3922 949 3988 scilicet
970 3922 1060 3998 rtrel
1080 3921 1113 3984 in
1131 3941 1181 3992 se,
1205 3930 1238 3986 et
1261 3922 1371 3986 ueniet
1393 3924 1441 4000 ἦ,
1462 3941 1602 3995 census.

495 4068 596 4136 quam
624 4048 744 4114 addam
768 4071 868 4137 super
886 4052 913 4128 {l
934 4071 1051 4117 tunsus
1068 4060 1100 4114 et
1119 4046 1264 4135 dragmis
1282 4049 1342 4120 dl,
1356 4048 1534 4117 diminutis
1549 4072 1601 4119 rc·

495 4174 557 4242 bus
582 4182 596 4255 3
620 4178 672 4241 li.
693 4187 725 4243 et
746 4174 875 4242 habebo
897 4180 924 4255 ἒξ
943 4196 1060 4241 census
1089 4187 1121 4239 et
1158 4174 1312 4261 dragmas
1333 4176 1401 4251 dl,
1423 4176 1602 4246 diminutis

499 4304 596 4372 rebus
619 4311 633 4377 ὲ
658 4308 714 4375 Η,
734 4327 799 4393 que
815 4317 979 4392 aquantur
999 4306 1125 4375 censui,
1149 4302 1272 4367 scilicet
1294 4303 1461 4390 quadrato
1484 4306 1601 4374 lateris

498 4437 561 4497 de:
581 4435 666 4501 unde
690 4436 716 4500 si
738 4433 895 4500 addidero
913 4432 1041 4518 utrique
1065 4431 1149 4518 parti
1170 4451 1220 4496 res
1237 4438 1252 4508 ξ
1272 4433 1315 4495 li
1330 4485 1337 4499 .
1355 4445 1389 4497 et
1413 4432 1531 4500 tollam
1554 4436 1600 4502 ab

500 4571 638 4647 utraque
655 4575 746 4648 purte
765 4566 792 4639 ἑξ
809 4582 940 4627 census.
962 4557 1176 4626 remanebunt
1196 4561 1227 4638 {r
1248 4578 1366 4624 census
1382 4572 1415 4625 et
1433 4581 1488 4626 res
1505 4565 1522 4639 ξ
1537 4563 1597 4626 16.
