4175 5792
1530 719 1593 782 113

499 866 618 933 666166
653 885 826 940 numerus,
852 876 884 933 et
907 865 1067 951 accipiam
1091 862 1313 952 quadratum,
1349 863 1405 950 qui
1430 861 1593 950 colligitur

499 1015 542 1060 ex
563 992 794 1082 aggregatione
817 992 965 1059 omnium
988 991 1164 1081 imparium
1187 971 1416 1065 numerorum,
1436 989 1493 1078 qui
1516 1001 1593 1054 sunt

498 1119 595 1186 infra.
621 1119 770 1208 25.,661
793 1119 977 1208 quadratus
996 1128 1056 1186 est.
1081 1117 1147 1183 111
1172 1117 1268 1182 66166
1292 1116 1383 1183 radix
1407 1125 1456 1182 est
1474 1114 1592 1183 medie-

501 1259 553 1314 tas
575 1247 718 1314 duorum
740 1259 960 1314 extremorum
983 1249 1129 1336 ipsorum
1155 1245 1329 1334 imparium
1354 1263 1588 1318 numerorum,

500 1372 627 1440 66111661
645 1371 696 1440 66.
718 1375 749 1439 1.
768 1383 800 1439 61
819 1374 872 1440 23.
892 1373 942 1439 Ex
959 1373 1189 1461 aggregatione
1206 1368 1341 1459 quidem
1357 1369 1478 1438 66111
1497 1373 1590 1437 6126
1642 1406 1645 1411 -

501 1501 709 1589 proueniunt.
733 1502 833 1577 169.,
863 1501 919 1590 qui
944 1520 1101 1597 numerus
1124 1498 1305 1587 quadratus
1327 1509 1396 1575 est,
1415 1508 1447 1564 et
1470 1497 1517 1566 616
1542 1499 1592 1563 in-

502 1627 593 1695 uenti
630 1637 707 1693 sunt
745 1637 811 1694 tres
833 1628 960 1694 numeri
983 1625 1150 1714 quadratj‚
1174 1645 1315 1715 quorum
1350 1623 1415 1692 duo
1440 1644 1500 1692 666
1523 1645 1587 1691 666

499 1767 672 1824 61616666
704 1754 801 1821 simul
824 1755 987 1844 aggregati
1012 1753 1136 1820 laniunt
1168 1752 1366 1841 quadratum
1398 1774 1589 1828 numerum,

501 1905 603 1973 super
637 1904 735 1972 quem
758 1888 858 1950 etiam
881 1881 1079 1972 quadratum
1103 1881 1130 1948 si
1154 1879 1294 1946 addatur
1315 1879 1497 1968 quadratus
1530 1903 1589 1946 nu-

502 2032 636 2085 merus,
660 2011 716 2099 qui
741 2010 904 2098 colligitur
923 2031 963 2077 ex
981 2009 1134 2076 omnibus
1155 2007 1336 2096 imparibus
1351 2009 1515 2085 numeris,
1531 2011 1588 2098 qui

500 2148 580 2205 sunt
598 2137 641 2205 ab
664 2158 731 2204 uno
754 2138 908 2227 usquein
926 2139 1002 2204 167.
1017 2187 1024 2212 ,
1040 2137 1135 2202 66166
1150 2134 1301 2224 quadrati
1321 2133 1413 2202 radix
1431 2147 1490 2203 661.
1511 2136 1563 2234 81.
1580 2189 1586 2212 ,

500 2265 625 2332 seilicet
646 2264 803 2332 medietas
825 2263 866 2332 de
889 2267 975 2340 168,
1000 2264 1196 2351 proueniunt
1220 2263 1327 2339 7226,
1345 2265 1402 2353 qui
1432 2285 1587 2331 numerus

501 2405 553 2459 est
575 2392 773 2481 quadratus,
806 2402 838 2457 et
860 2398 931 2458 6166
955 2391 1047 2457 radix
1072 2401 1121 2457 661
1147 2393 1213 2466 86,
1243 2390 1344 2458 etsie
1367 2391 1490 2458 1666611
1512 2401 1589 2457 6661

499 2531 644 2610 quatuor
675 2518 851 2610 quadratj,
882 2540 1024 2608 quorum
1049 2519 1130 2596 duo,
1153 2518 1206 2587 uel
1243 2530 1328 2593 tres,
1363 2538 1422 2585 nee
1454 2538 1519 2584 non
1553 2527 1586 2585 61

500 2670 616 2716 omnes
641 2649 740 2715 simul
759 2649 939 2724 coniuncti,
960 2647 1083 2714 1661661
1100 2646 1298 2735 quadratum
1317 2667 1512 2720 numerum,
1531 2667 1588 2710 66-

499 2796 560 2864 per
577 2752 699 2886 quibus
719 2775 818 2843 etiam
843 2776 940 2842 7226.
965 2794 1141 2861 possumus
1161 2783 1226 2840 tres
1240 2772 1420 2863 quadratos
1438 2771 1584 2840 diuersos

498 2901 620 2970 addere
636 2954 643 2973 .
661 2914 694 2969 61
710 2923 785 2969 oum
809 2922 1011 2992 unoquoque
1028 2903 1172 2989 ipsorum
1193 2900 1287 2968 166161
1305 2901 1504 2990 quadratum
1526 2922 1585 2966 uu-

498 3052 642 3106 merum,
664 3052 704 3097 ex
733 3029 854 3120 quibus
888 3031 1012 3118 primus
1034 3042 1084 3096 est
1117 3028 1299 3118 quadratus
1328 3029 1522 3119 proueniens
1544 3050 1584 3095 ex

497 3158 654 3240 omnibus
676 3158 858 3246 imparibus
881 3160 1039 3233 numeris,
1061 3157 1211 3247 quisunt
1231 3157 1323 3224 infra.
1344 3158 1465 3232 7226,
1488 3157 1582 3222 66166

499 3283 594 3350 radix
616 3296 665 3351 661
687 3286 787 3352 3612.
810 3283 980 3352 Secundus
1002 3305 1082 3352 uero
1098 3284 1280 3373 quadratus
1302 3285 1452 3373 prouenit
1470 3305 1508 3350 ex
1527 3305 1583 3372 ag-

498 3414 688 3503 gregatione
704 3412 850 3478 omnium
874 3412 1049 3499 imparium
1073 3427 1307 3489 numerorum,
1326 3411 1384 3501 qui
1406 3422 1483 3477 sunt
1517 3409 1580 3477 sub

496 3541 616 3628 quinta
635 3549 727 3628 parte
750 3538 791 3606 66
814 3541 936 3615 7225..
968 3539 1122 3608 detractis
1152 3538 1226 3607 1666
1248 3538 1378 3606 duobus
1402 3538 1583 3627 imparibus

495 3666 603 3735 eidem
626 3669 739 3757 quinte
762 3668 845 3755 parti
863 3645 1127 3740 eollateralibus,
1144 3667 1238 3732 cuius
1253 3665 1406 3754 quadrati
1422 3664 1516 3731 radix
1533 3675 1582 3731 661

496 3795 574 3860 726.
606 3796 731 3862 Tertius
765 3793 897 3884 quidem
927 3793 1109 3883 quadratus
1143 3795 1293 3882 prouenit
1326 3815 1365 3860 ex
1399 3792 1579 3880 imparibus

494 3922 650 3990 omnibus
668 3924 725 4011 qui
744 3933 820 3988 6661
835 3920 898 3988 sub
919 3924 950 4003 ‚¹3
970 3920 1011 3989 66
1035 3922 1144 3997 7226,
1165 3919 1270 3988 666116
1288 3943 1329 3988 ex
1347 3921 1394 3987 ais
1409 3918 1581 3986 duodecim

495 4050 679 4138 imparibus
703 4051 806 4140 ipsius
844 4055 875 4133 s¹r
898 4051 1001 4139 partis
1023 4048 1280 4124 collateralibus,
1311 4048 1405 4115 66166
1427 4044 1578 4137 quadratj

494 4175 590 4242 radix
608 4178 770 4254 661132,
793 4189 826 4245 61
848 4180 895 4244 616
918 4189 1058 4266 possunt
1082 4175 1195 4262 inlinitj
1216 4174 1366 4265 quadratj
1385 4172 1510 4239 numeri
1536 4172 1582 4237 in·
1681 4185 1685 4193 ·

492 4303 599 4391 uenirj
616 4355 622 4377 ,
640 4305 697 4393 qui
719 4304 887 4380 disiuncti,
908 4317 941 4372 et
959 4304 1057 4372 simul
1081 4305 1238 4392 agregatj‚
1270 4300 1449 4369 seeundum
1480 4303 1580 4366 istum

488 4429 655 4506 ordinem,
679 4430 796 4498 sacient
818 4453 992 4499 numerum
1016 4430 1227 4519 quadratum.

1322 4570 1352 4620 lb
