4175 5792
416 1655 632 1745 Spiegazione
655 1657 738 1726 delle
761 1657 887 1746 postilla
911 1657 1081 1746 marginali
1107 1658 1263 1746 riportate
1292 1659 1323 1724 di
1354 1678 1451 1746 sopra
1475 1660 1507 1724 in

488 1764 659 1849 suesionis
678 1784 786 1852 apag.
808 1763 867 1838 93,
886 1764 940 1830 lin.
961 1765 1071 1830 3t-32
1086 1788 1093 1844 ;
1110 1787 1129 1832 a
1147 1787 1218 1854 pag.
1235 1769 1292 1842 96,
1314 1766 1367 1832 lin.
1381 1767 1506 1846 attan
1528 1791 1530 1794 ·

490 1891 601 1960 apag.
624 1874 704 1949 tto,
728 1873 782 1938 lin.
804 1874 934 1949 20-22,
949 1874 1071 1941 29-30.

427 2214 480 2263 erit
495 2227 616 2264 numerus
632 2218 676 2277 qui
692 2218 824 2277 proueniat
841 2229 873 2266 ex
891 2217 982 2267 eodem
997 2221 1080 2279 primo
1091 2218 1214 2280 quadrato
1230 2219 1306 2268 ducto
1322 2219 1346 2268 in
1362 2217 1409 2268 .l9.
1426 2218 1499 2267 cuius

426 2297 529 2346 numeri
544 2296 619 2347 radix
639 2299 689 2347 erit
707 2311 829 2347 numerus
849 2299 931 2348 factus
946 2312 979 2349 ex
994 2301 1204 2362 multiplicatione
1220 2303 1260 2351 uel
1286 2315 1319 2351 ex
1340 2299 1501 2351 multitudine

427 2375 524 2425 radicis
540 2376 614 2440 primj
632 2377 749 2441 quadrati
766 2378 791 2426 in
811 2381 843 2428 .7.
860 2381 904 2441 qui
921 2383 968 2428 est.

425 2564 601 2627 quadruplum
610 2566 727 2629 quadrati
737 2568 798 2618 tacit
806 2567 959 2631 quadratum
975 2580 1110 2618 numerum
1121 2579 1182 2631 ergo
1193 2568 1365 2631 quadruplum
1381 2566 1497 2630 quadratj

426 2645 534 2774 gustum
548 2647 574 2696 ln
592 2647 624 2698 o.
641 2649 700 2698 tacit
715 2650 882 2712 quincuplum
897 2649 1016 2712 quadrati
1031 2652 1058 2699 et
1073 2647 1152 2699 ductu
1174 2650 1214 2700 uel
1237 2649 1342 2699 ductum
1363 2649 1500 2713 quincuplo

447 2726 491 2777 icti
506 2727 618 2790 quadra·

425 2919 560 2980 hucusque
576 2923 615 2968 est
630 2920 740 2982 scriptus
756 2923 896 2982 quaternus
916 2921 946 2971 [t.
963 2919 997 2968 M.
1013 2920 1044 2968 ll.
1064 2918 1208 2969 cardinalis.

428 3111 561 3161 ueniamus
578 3110 730 3160 solutionem
749 3110 862 3171 predicte
878 3110 1019 3173 questionis
1035 3110 1061 3160 iu
1077 3110 1160 3171 posita
1172 3109 1334 3171 proportione
1348 3110 1424 3159 trium
1436 3122 1499 3171 qua·

426 3192 560 3242 matorum
576 3192 780 3254 supradictorum
790 3193 887 3243 scilicet
902 3193 934 3242 de
946 3192 977 3243 36
992 3197 1019 3243 et
1031 3191 1063 3242 de
1074 3191 1105 3242 fil
1121 3195 1147 3242 et
1163 3191 1195 3242 de
1206 3192 1261 3243 oto.
1274 3194 1374 3253 oportet
1385 3195 1413 3242 ut
1426 3192 1498 3242 inue-
