4175 5792
1465 687 1508 753 33

418 850 450 906 et
475 839 619 928 dragmis
643 841 684 904 ll
698 862 705 919 ;
730 848 762 904 et
791 838 869 926 quia
901 859 975 905 cum
1005 838 1048 906 ab
1072 837 1245 925 equalibus
1268 836 1398 923 aqualia
1422 834 1482 899 aul
1497 876 1511 885 -

418 977 536 1032 runtur
557 987 622 1053 que
656 975 824 1031 remanent
846 975 923 1031 sunt
957 963 1107 1053 aqualia,
1134 965 1160 1030 si
1184 963 1228 1030 ab
1251 973 1392 1053 utraque
1417 976 1508 1051 parto

418 1090 612 1157 auferuntur
635 1089 771 1178 dragma
792 1092 822 1172 ξ,
840 1094 903 1166 ta,
929 1091 1145 1158 remanebunt
1167 1094 1198 1171 {1}
1227 1093 1324 1158 unius
1349 1093 1392 1157 rei
1413 1112 1512 1179 equa-

419 1219 464 1284 les
487 1220 595 1286 causis
620 1230 647 1301 ᾗ
672 1221 691 1285 3
715 1229 747 1285 et
780 1219 968 1309 dragmisl
999 1220 1109 1285 minus
1131 1220 1210 1285 Μ’
1245 1221 1342 1286 unius
1365 1217 1509 1307 dragma.
1599 1296 1602 1301 .

418 1350 527 1426 Quare
547 1354 584 1415 ut
608 1349 798 1416 reducerem
815 1346 875 1414 hec
900 1348 1160 1436 inequalitatem
1183 1347 1283 1413 unius
1303 1348 1347 1413 rai
1368 1357 1511 1419 tantum,

421 1474 637 1563 multiplicaui
659 1496 777 1542 causas
797 1478 826 1555 1⁴3
842 1476 877 1550 3,
897 1473 1052 1562 dragmas
1071 1475 1090 1537 l
1107 1475 1216 1540 minus
1232 1473 1311 1539 xxx‘
1327 1494 1383 1562 par
1399 1474 1464 1546 to,
1481 1482 1513 1537 at

419 1599 515 1666 diuisi
540 1613 715 1690 utramque
739 1600 1043 1688 multiplicationem
1065 1620 1123 1687 par
1148 1601 1182 1666 ll
1204 1650 1211 1675 ,
1234 1611 1266 1665 at
1291 1598 1399 1665 inueni
1422 1595 1513 1686 quod

422 1748 472 1793 res
499 1749 565 1794 una
590 1739 732 1816 equatur
756 1728 864 1794 causis
890 1730 911 1792 3
939 1727 1046 1792 minus
1075 1726 1152 1792 ω’
1176 1727 1271 1791 tertia
1299 1736 1392 1812 parte
1415 1723 1513 1790 unius

422 1877 521 1940 causa
539 1867 572 1922 et
594 1854 737 1945 dragmis
755 1861 786 1938 {f}
802 1858 821 1922 3
828 1880 838 1934 ;
857 1855 987 1921 seruaui
1007 1853 1082 1927 hac,
1102 1863 1134 1919 at
1153 1851 1263 1918 addidi
1283 1852 1425 1939 primum
1451 1872 1513 1915 nu-

421 2004 548 2048 merum
567 2003 643 2050 cum
660 1983 804 2050 secundo
823 1995 855 2050 et
874 1984 991 2056 tertio,
1015 1982 1139 2048 scilicet
1157 2001 1293 2047 causam
1309 2001 1409 2046 unam
1435 2000 1511 2045 cum

421 2107 564 2194 dragmis
586 2111 601 2187 ξ
621 2113 662 2184 8,
687 2120 719 2175 et
742 2130 842 2176 causa
866 2131 932 2176 una
957 2110 1065 2175 minus
1090 2108 1263 2174 medietate
1287 2107 1355 2181 rei,
1379 2115 1411 2171 et
1435 2125 1510 2171 cum

420 2230 564 2319 dragmis
581 2237 596 2313 ὲ
615 2237 657 2301 ll
680 2250 712 2302 ot
736 2237 865 2304 duabus
889 2237 991 2324 tertijs
1016 2236 1114 2301 unius
1137 2255 1235 2300 causa
1261 2233 1368 2297 minus
1393 2231 1513 2297 medie

423 2370 488 2426 tate
513 2362 609 2426 unius
632 2364 698 2435 rai,
722 2374 754 2429 et
779 2362 880 2429 habui
908 2363 1100 2452 dragmas}
1125 2364 1168 2430 23
1198 2372 1229 2427 et
1260 2380 1377 2425 causas
1398 2361 1456 2440 {a
1483 2368 1514 2424 et

423 2488 531 2554 minus
553 2480 618 2556 una
643 2513 697 2566 ra,
721 2491 761 2558 da
780 2491 901 2580 quibus
920 2491 1075 2579 omuibus
1090 2491 1201 2578 accepi
1220 2499 1345 2556 sextam
1370 2499 1511 2577 partem,
1566 2538 1571 2545 ,

421 2629 454 2682 at
470 2616 579 2685 addidi
596 2640 671 2685 eam
685 2641 783 2709 super
798 2621 950 2709 quintum
968 2641 1157 2695 numerum,
1175 2618 1298 2686 scilicet
1313 2639 1413 2706 super
1428 2637 1513 2692 rem,

422 2743 532 2809 alluit
556 2756 660 2812 totum
684 2745 763 2812 illud
787 2744 876 2832 quod
901 2745 974 2812 inde
998 2758 1211 2835 aggregatum
1233 2742 1282 2811 ast
1305 2747 1320 2824 ξ
1343 2744 1441 2810 unius
1465 2744 1510 2810 rai

423 2883 454 2938 at
472 2877 489 2952 t
507 2875 603 2939 unius
622 2894 721 2940 causo
744 2884 775 2940 at
791 2873 925 2962 dragma
940 2879 956 2954 l
974 2875 1010 2949 3,
1029 2895 1094 2961 qua
1112 2883 1275 2962 aquantur
1290 2871 1436 2960 dragmis
1455 2873 1512 2951 t7;

423 3020 528 3086 quare
552 3000 595 3066 ab
619 3013 760 3089 utraque
784 3012 876 3088 parte
898 3001 1022 3066 extraxi
1047 3001 1229 3089 dragmas}
1250 3004 1287 3077 3,
1305 3012 1336 3067 et
1355 3020 1517 3066 remansa-

424 3136 499 3191 runt
520 3129 536 3206 ἰ
561 3129 659 3193 unius
682 3129 726 3193 rei
754 3138 786 3194 et
818 3132 834 3206 ξ
862 3128 960 3193 unius
993 3148 1115 3211 cause,
1144 3149 1209 3215 que
1241 3139 1406 3216 aquantur
1440 3124 1514 3190 dra-

424 3255 544 3342 gmis}
574 3257 638 3330 l3,
671 3277 737 3342 que
771 3265 806 3320 ut
838 3253 1026 3321 reducerem
1050 3254 1092 3319 ad
1114 3255 1324 3343 equalitatem
1351 3255 1447 3321 unius
1473 3254 1517 3318 rei

423 3381 639 3471 multiplicaui
660 3404 717 3470 par
740 3387 794 3461 6}
815 3384 913 3449 unius
935 3403 1033 3450 cause
1056 3393 1088 3448 at
1112 3382 1266 3470 dragmas
1287 3385 1304 3461 ξ
1322 3383 1366 3447 l3
1391 3401 1448 3468 per
1472 3383 1515 3453 6,

425 3522 457 3576 at
475 3511 562 3600 quod
581 3534 621 3580 ex
644 3524 787 3601 utraque
812 3510 1081 3600 multiplicatione
1101 3510 1250 3601 peruenit
1273 3508 1368 3575 diuisi
1394 3529 1451 3595 por
1475 3512 1515 3581 5,

424 3648 456 3703 ot
483 3638 582 3705 habui
606 3640 695 3730 quod
723 3662 773 3706 cas
796 3661 862 3707 una
889 3641 1096 3720 et1⁸3unius
1122 3659 1221 3722 cause
1249 3647 1413 3727 aquantur
1440 3636 1515 3703 dra-

426 3766 509 3854 gmis
532 3770 561 3844 l}
581 3772 633 3835 t5.
669 3770 824 3858 Superius
847 3770 934 3835 anim
969 3769 1078 3835 inueni
1101 3767 1190 3857 quod
1214 3789 1265 3835 ras
1290 3790 1355 3836 una
1377 3775 1518 3855 equatur

428 3895 533 3962 tribus
555 3899 663 3963 causis
683 3900 790 3964 minus
810 3898 888 3965 rrxttn
910 3898 1005 3964 tertia
1028 3907 1122 3984 parte
1144 3898 1242 3964 unius
1264 3920 1364 3984 cause
1388 3909 1420 3965 et
1443 3896 1517 3963 dra-

428 4023 512 4108 gmis
539 4027 572 4108 3}
598 4026 630 4099 3,
659 4046 760 4112 quare
783 4046 880 4092 cause
907 4029 927 4092 3
953 4026 1061 4092 minus
1082 4027 1115 4107 ᾗ
1136 4037 1168 4091 et
1189 4029 1220 4107 ἦ
1243 4029 1340 4093 unius
1364 4045 1462 4093 cause
1484 4036 1516 4092 ot

429 4152 563 4240 dragma
596 4155 856 4242 {2⁰53equantur
879 4153 1023 4244 dragmis
1046 4157 1076 4233 t}
1099 4157 1151 4220 ts.
1175 4158 1257 4222 Nam
1290 4175 1389 4221 causa
1412 4154 1432 4218 3
1456 4154 1515 4218 mi·
1576 4186 1582 4199 ·

429 4303 491 4349 nus
514 4284 545 4365 ἦ
576 4281 673 4347 unius
701 4301 798 4349 cause
820 4294 852 4350 et
874 4287 905 4362 τ’,
927 4282 1072 4350 eiusdem
1096 4304 1195 4350 cause
1217 4294 1293 4349 sunt
1328 4282 1360 4346 in
1384 4302 1515 4348 summa

429 4432 527 4476 cause
549 4412 594 4489 ἐξ,
618 4410 658 4485 3,
694 4428 771 4495 argo
806 4429 904 4475 cause
926 4414 970 4489 ,⁸3³3
992 4411 1012 4474 3
1036 4419 1068 4475 et
1097 4409 1230 4497 dragma
1251 4412 1282 4489 ἐξ
1306 4410 1326 4475 3
1355 4417 1518 4496 aquantur

431 4537 574 4628 dragmis
596 4541 626 4618 l}
647 4541 689 4604 l5
704 4589 711 4614 ,
729 4534 814 4603 undo
832 4536 858 4602 si
877 4538 1060 4604 comuniter
1079 4536 1267 4604 auferantur
1283 4534 1417 4627 dragma
1434 4542 1467 4620 ἐξ
1483 4539 1516 4613 3,
