4175 5792
594 685 636 750 22

511 880 513 884 -
590 840 622 895 et
645 829 750 918 quinti
772 839 805 896 et
827 830 923 917 primi
959 831 1085 897 numeri
1120 830 1255 918 dragme
1277 833 1292 909 4
1315 832 1335 895 8
1357 839 1390 894 et
1414 848 1464 893 res
1486 848 1553 892 una
1576 838 1610 892 et
1633 820 1684 890 di-

591 954 689 1020 midia
713 955 820 1022 minus
843 954 972 1022 duabus
995 956 1114 1023 causis.
1137 957 1179 1021 Et
1201 957 1280 1044 quia
1295 975 1372 1021 eum
1388 952 1428 1019 de
1448 951 1558 1040 aliqua
1577 972 1685 1039 quan-

590 1085 683 1150 titate
707 1084 832 1151 tollitur
852 1097 972 1173 quarta
995 1104 1092 1173 pars,
1128 1082 1208 1149 iliud
1242 1081 1332 1171 quod
1366 1080 1491 1147 tollitur
1514 1091 1563 1146 est
1585 1062 1685 1146 tertia

589 1231 665 1299 pars
682 1232 723 1277 ex
740 1230 780 1278 eo
798 1209 887 1302 quod
907 1221 1073 1286 remanet,
1090 1231 1192 1298 quare
1212 1213 1341 1298 super}
1360 1214 1380 1276 8
1400 1220 1432 1276 et
1451 1231 1486 1276 re
1503 1228 1568 1275 una
1584 1217 1617 1273 et
1634 1206 1683 1272 di-

475 1340 484 1361 *
590 1336 689 1404 midia
711 1338 818 1406 minus
836 1338 967 1404 duabus
984 1339 1094 1405 causis
1113 1337 1223 1404 addidi
1244 1339 1374 1407 tertiam
1398 1348 1524 1425 partem
1543 1355 1682 1409 eorum,

588 1478 620 1532 et
640 1468 687 1534 sic
704 1465 819 1534 habuit
838 1487 897 1554 pro
917 1488 1047 1532 summa
1064 1467 1174 1555 quarti
1199 1478 1231 1532 et
1254 1467 1360 1555 quinti
1380 1477 1412 1532 et
1431 1465 1527 1554 primj
1552 1462 1682 1529 numeri

589 1593 742 1683 dragmas
758 1596 775 1675 4
790 1598 825 1660 tt
847 1603 880 1660 et
895 1593 978 1661 duas
996 1616 1047 1661 res
1064 1594 1171 1660 minus
1187 1595 1327 1676 causis4
1343 1596 1379 1669 2,
1398 1614 1499 1683 quam
1514 1611 1683 1658 summam

590 1723 715 1823 extraxi
732 1721 772 1789 de
786 1743 918 1788 summa
934 1723 1018 1809 tertij
1036 1734 1069 1789 et
1083 1723 1191 1812 quarti
1207 1733 1240 1789 et
1256 1722 1361 1812 quinti
1377 1733 1409 1789 et
1425 1721 1520 1809 primi
1538 1720 1680 1794 numeri,

589 1847 712 1915 scilieet
729 1847 770 1915 de
786 1851 803 1928 4
818 1850 863 1915 25
878 1859 910 1914 et
930 1871 965 1915 re
979 1870 1046 1915 una
1066 1859 1098 1915 et
1117 1846 1253 1915 dimidia
1271 1848 1380 1914 minus
1400 1845 1531 1913 duabus
1549 1846 1682 1919 causis,

589 1985 622 2042 et
645 1986 944 2063 remanseruntque
960 1976 1144 2064 quantitate
1162 1975 1247 2062 tertij
1266 1973 1392 2040 numeri
1409 1972 1544 2061 dragme
1560 1973 1575 2051 4
1591 1971 1634 2036 tt
1649 1983 1682 2038 et

589 2104 653 2172 due
676 2106 770 2172 tertie
788 2106 886 2173 unius
909 2125 1008 2188 cause
1025 2104 1134 2170 minus
1158 2101 1332 2170 medietate
1355 2102 1452 2167 unius
1478 2101 1533 2167 rei.
1557 2099 1683 2166 Deinde

588 2254 628 2300 ex
650 2254 779 2299 summa
801 2235 910 2321 quarti
934 2243 967 2299 et
989 2232 1095 2322 quinti
1119 2243 1151 2299 et
1174 2230 1271 2319 primj
1307 2230 1457 2306 numeri,
1492 2228 1618 2295 scilieet
1642 2225 1683 2293 de

587 2359 732 2449 dragmis
748 2361 765 2441 4
780 2362 815 2425 ii
841 2370 873 2426 et
892 2358 1024 2426 duabus
1044 2356 1143 2425 rebus
1162 2356 1272 2422 minus
1293 2356 1433 2437 causis4
1450 2357 1487 2429 2,
1505 2364 1538 2419 et
1554 2352 1680 2418 extraxi

587 2489 737 2575 quintum
754 2497 786 2552 et
804 2486 945 2573 primum
961 2505 1158 2559 numerum,
1175 2483 1298 2548 seilicet
1318 2503 1418 2549 unam
1438 2502 1506 2547 rem
1527 2490 1559 2547 et
1579 2500 1680 2546 unam

587 2633 743 2689 eausam,
766 2622 799 2678 et
834 2621 1060 2677 remanserunt
1094 2631 1153 2699 pro
1188 2611 1371 2698 quantitate
1405 2611 1514 2696 quarti
1550 2607 1680 2674 numeri

589 2741 723 2829 dragme
740 2741 758 2820 4
775 2741 812 2806 tt
837 2747 869 2805 et
892 2758 943 2804 res
960 2759 1026 2804 una
1044 2738 1153 2804 minus
1173 2737 1281 2803 causis
1299 2741 1316 2822 4
1334 2739 1365 2804 3.
1386 2737 1427 2802 Et
1447 2737 1526 2824 quia
1543 2745 1681 2823 quartus

589 2888 746 2969 numerus
772 2888 849 2933 cum
879 2867 994 2955 quinta
1025 2875 1118 2955 parte
1146 2866 1250 2954 quinti
1284 2874 1316 2931 et
1349 2863 1445 2952 primi
1478 2873 1511 2929 et
1544 2860 1679 2951 secundi

588 2994 714 3060 numeri
738 2994 814 3061 iacit
840 2993 994 3083 dragmas
1017 2996 1070 3061 tt.
1096 2995 1279 3082 Aggregaui
1304 2994 1457 3082 quintum
1480 3002 1512 3059 et
1534 2993 1679 3081 primum

588 3129 620 3188 et
641 3121 822 3188 secundum
846 3143 1041 3199 numerum,
1072 3121 1195 3188 scilicet
1218 3143 1286 3188 rem
1310 3132 1342 3187 et
1366 3141 1500 3188 eausam
1536 3131 1568 3187 et
1603 3118 1679 3185 dra-

586 3267 678 3336 gmas
697 3248 716 3327 4
738 3249 759 3314 8
781 3258 814 3313 et
837 3267 971 3314 eausam
991 3269 1091 3314 unam
1114 3249 1221 3314 minus
1245 3247 1418 3315 medietate
1438 3248 1536 3314 unius
1560 3247 1604 3312 rei
1621 3297 1628 3322 ,
1648 3257 1681 3313 et

586 3375 633 3441 sio
657 3394 716 3463 pro
746 3395 877 3441 summa
906 3376 1012 3464 quinti
1035 3386 1068 3442 et
1091 3376 1187 3463 primi
1210 3385 1243 3441 et
1265 3373 1401 3441 secundi
1425 3371 1552 3439 numeri
1576 3368 1681 3438 habui

586 3500 740 3589 dragmas
761 3504 778 3581 4
800 3507 820 3569 8
838 3512 871 3568 et
889 3500 972 3568 duas
992 3522 1110 3569 causas
1128 3512 1160 3569 et
1180 3501 1386 3571 medietatem
1409 3501 1474 3576 rei,
1498 3498 1538 3564 de
1554 3497 1679 3587 quibus

587 3627 741 3693 omnibus
758 3628 869 3715 accepi
884 3627 1034 3716 quintam
1053 3639 1199 3716 partem,
1219 3629 1342 3696 seilicet
1357 3627 1510 3716 dragmas
1528 3631 1559 3706 1⁷,
1582 3629 1595 3691 i
1619 3638 1653 3693 et
1668 3635 1683 3710 4

587 3754 685 3819 unius
716 3774 815 3838 cause
838 3765 870 3820 et
894 3753 1054 3822 decimam
1080 3770 1207 3847 partem
1239 3758 1336 3823 unius
1360 3757 1425 3832 rei,
1449 3768 1482 3822 et
1505 3759 1680 3845 aggregaui

588 3881 651 3949 hoe
665 3904 763 3971 super
778 3884 994 3972 quantitatem
1010 3887 1121 3973 quarti
1137 3886 1264 3952 numeri
1280 3936 1286 3958 ,
1303 3884 1425 3951 scilieet
1442 3906 1540 3974 super
1555 3887 1572 3967 4
1590 3888 1625 3950 tt
1648 3896 1682 3952 et

587 4029 621 4075 re
636 4030 702 4076 una
721 4011 830 4077 minus
850 4011 992 4094 causis}
1015 4014 1058 4089 3,
1081 4023 1114 4080 et
1136 4013 1197 4078 fuit
1220 4011 1283 4079 hoe
1308 4022 1413 4079 totum
1432 4012 1612 4103 dragme4,
1634 4017 1678 4081 ta
1703 4038 1709 4051 ¹

587 4149 619 4204 et
642 4160 693 4205 res
716 4161 782 4206 una
815 4152 847 4206 et
875 4139 1002 4207 decima
1038 4143 1146 4206 minus
1170 4140 1278 4206 causis
1301 4146 1331 4220 ἦ
1353 4142 1395 4216 3,
1428 4163 1493 4230 que
1515 4151 1680 4230 aquantur

469 4316 472 4324 .
537 4298 556 4322 ιο
587 4263 731 4353 dragmis
756 4270 808 4343 tu
837 4269 841 4349 Ι
872 4280 904 4334 et
933 4274 1012 4357 quia
1046 4289 1122 4335 cum
1152 4269 1324 4358 equalibus
1348 4271 1479 4361 aqualia
1511 4268 1683 4337 adduntur

587 4393 697 4458 omnia
716 4393 799 4461 fiunt
815 4394 965 4483 aqualia,
990 4396 1016 4461 si
1037 4395 1168 4484 utrique
1184 4398 1268 4485 parti
1288 4397 1451 4464 addantur
1466 4417 1565 4463 cause
1584 4402 1613 4475 1⁴,
1633 4397 1677 4473 3,

587 4529 682 4583 erunt
705 4518 838 4608 dragme
861 4526 891 4603 4,
914 4524 956 4588 ta
979 4533 1011 4589 et
1036 4526 1066 4603 44
1096 4525 1193 4593 unius
1217 4527 1262 4592 rei
1288 4526 1421 4615 equales
1450 4527 1559 4592 causis
1580 4531 1611 4605 1⁴,
1636 4529 1681 4605 3,
