4175 5792
479 714 521 779 36

475 876 539 925 non
556 858 656 946 possit
667 856 745 932 dici,
757 865 900 943 quatuor
916 854 1062 921 homines
1077 850 1197 919 habent
1211 848 1385 921 bizantius.
1397 866 1475 915 cum
1489 845 1555 934 pri-

475 1003 548 1047 mus
564 1001 628 1047 non
640 979 759 1047 habeat
771 978 906 1067 aliquid,
925 980 1024 1044 immo
1041 976 1139 1043 habet
1156 975 1313 1044 debitum.
1329 975 1438 1054 Quare
1453 973 1480 1039 si
1493 992 1553 1038 ue·

450 1183 452 1187 ,
474 1108 629 1176 luerimus
644 1106 822 1174 concedere
841 1108 946 1195 ipsum
962 1104 1081 1172 habere
1096 1103 1255 1178 debitum,
1274 1103 1335 1169 erit
1351 1100 1481 1190 questio
1498 1117 1553 1165 so·

474 1233 592 1299 lubilis.
610 1235 651 1298 Et
665 1234 726 1299 erit
739 1231 885 1301 debiturn
903 1231 1003 1319 ipsius
1018 1232 1050 1305 3,
1066 1230 1189 1296 scilicet
1203 1227 1383 1295 differentia
1393 1247 1459 1315 que
1469 1234 1552 1292 esta

475 1361 516 1426 33
530 1381 633 1449 usqua
649 1360 682 1425 in
698 1361 740 1425 36
757 1357 920 1447 predictis,
936 1355 1023 1446 quod
1040 1354 1188 1422 debitum
1207 1355 1235 1420 si
1252 1351 1442 1421 extrahatur
1452 1372 1494 1418 ex
1503 1350 1554 1418 bi·

474 1487 590 1573 zantijs
608 1484 741 1552 secundi
763 1496 797 1551 et
820 1485 903 1571 tertij
922 1495 954 1550 et
973 1483 1081 1572 quarti
1100 1480 1251 1556 hominis,
1277 1479 1491 1547 remanebunt
1508 1481 1570 1573 69,

473 1629 533 1698 pro
555 1630 649 1676 suma
669 1608 737 1700 (sic)
758 1608 975 1677 bizantiorum
992 1609 1087 1674 1111.⁰¹
1110 1607 1301 1684 hominnm,
1324 1629 1364 1674 ex
1384 1606 1507 1694 quibus
1524 1606 1552 1673 si

339 1782 343 1789 -
474 1733 717 1821 extrahantur}
737 1737 782 1803 rei
801 1736 907 1805 minus
922 1735 1072 1823 bizantijs
1091 1737 1122 1812 3,
1142 1735 1264 1802 scilicet
1280 1734 1411 1821 bizantij
1433 1736 1488 1809 54,
1504 1753 1553 1799 re-

474 1859 651 1927 manebunt
667 1859 798 1947 bizantij
815 1860 948 1927 secundi
971 1858 1111 1928 hominis
1126 1864 1178 1928 48.
1204 1861 1285 1929 Item
1303 1861 1486 1943 extractis}
1504 1860 1550 1927 rei

473 1988 580 2055 minus
599 1988 748 2076 bizantijs
764 1991 805 2063 4,
828 2010 892 2078 quc
915 1986 1034 2055 habent
1053 1988 1136 2054 inter
1149 1999 1304 2077 quartum
1316 1999 1347 2056 et
1358 1989 1501 2077 primum
1517 1998 1551 2056 et

472 2115 650 2182 secundum
672 2113 848 2192 hominem,
866 2113 927 2181 hoc
944 2113 1076 2201 bizantij
1097 2112 1161 2206 [stc]
1179 2115 1221 2180 44
1241 2115 1282 2181 de
1299 2116 1355 2188 69,
1380 2125 1550 2182 remanent

473 2245 516 2309 25
529 2263 587 2331 pro
603 2243 753 2329 bizantijs
769 2242 852 2328 tertij
870 2241 1023 2318 hominis,
1038 2241 1159 2329 quibus
1173 2240 1292 2308 additis
1308 2262 1383 2308 cum
1399 2242 1552 2330 bizantijs

470 2368 603 2436 secundi
622 2369 783 2444 hominis,
803 2367 926 2435 scilicet
941 2388 1017 2434 cum
1034 2371 1091 2444 48,
1112 2378 1207 2435 erunt
1226 2368 1281 2445 43,
1305 2367 1425 2458 quibus
1443 2380 1551 2435 extra-

471 2495 532 2562 ctis
545 2517 583 2563 ex
603 2495 753 2580 bizantijs
771 2493 906 2560 secundi
927 2505 959 2560 et
976 2495 1060 2581 tertij
1075 2478 1109 2561 et
1130 2495 1239 2582 quarti
1256 2492 1408 2571 hominis,
1424 2494 1549 2561 scilicet

471 2622 511 2688 da
523 2622 673 2708 bizantijs
684 2623 742 2698 72,
756 2620 969 2688 remanebunt
980 2641 1039 2709 pro
1052 2619 1203 2708 bizantijs
1218 2622 1326 2710 quarti
1341 2620 1484 2689 hominis
1493 2624 1546 2690 29.

470 2749 526 2817 Vel
549 2749 655 2825 aliter,
674 2748 714 2815 dc
737 2752 779 2816 69
803 2747 955 2837 predictis
977 2747 1220 2829 extrahantur}
1239 2751 1284 2816 rei
1307 2754 1414 2816 minus
1437 2749 1551 2816 bizan-

471 2878 524 2964 tijs
547 2880 588 2953 5,
615 2898 679 2965 que
701 2874 823 2941 habent
847 2876 930 2940 inter
953 2877 1096 2963 primum
1113 2887 1145 2944 ct
1168 2877 1348 2944 secundum
1366 2889 1398 2944 et
1413 2877 1547 2945 tertium

470 3005 649 3081 hominem,
676 3003 890 3071 remanebunt
912 3003 1060 3069 similiter
1081 3014 1200 3092 quarto
1224 3001 1346 3069 homini
1373 3004 1425 3070 29.
1455 3004 1547 3071 Etsi

468 3129 615 3198 dicemus
638 3130 780 3217 primum
803 3128 966 3195 hominem
991 3126 1113 3196 habere
1128 3150 1203 3196 cum
1220 3149 1279 3195 sua
1298 3130 1450 3218 petitione
1469 3132 1548 3198 484.
1595 3190 1598 3197 ,

469 3258 655 3327 Secundum
671 3260 756 3332 t83,
780 3256 920 3323 Tertium
939 3255 1023 3332 484,
1047 3256 1208 3334 Quartum
1228 3256 1548 3332 t85.1nueniemus‚

467 3385 695 3474 suprascriptis
713 3382 891 3471 dispositis,
904 3383 1047 3471 primum
1063 3383 1226 3451 hominem
1245 3381 1389 3450 haberat
1404 3433 1412 3459 ,
1428 3382 1550 3449 Secun-

467 3513 545 3577 dum
563 3513 618 3586 94,
631 3488 782 3576 'Tertium
803 3490 882 3582 424,
904 3508 1063 3586 Quartum
1085 3508 1159 3573 444.

580 3766 623 3828 De
645 3771 775 3851 quatuor
799 3766 967 3829 huminibus
988 3766 1043 3851 qui
1059 3768 1249 3830 inuenerunt
1271 3762 1427 3862 bisantios.

531 4015 675 4093 Qvatuor
688 4014 833 4083 homines
846 4016 1039 4083 inuenerunt
1055 4015 1211 4083 bizantios
1222 4016 1356 4105 aliquot,
1369 4013 1546 4104 dequibus

465 4142 689 4232 unusquisque
706 4143 843 4229 sumpsit
859 4143 1002 4232 aliquam
1017 4144 1233 4232 quantitatem
1249 4143 1392 4211 fortuitu.
1409 4142 1545 4208 Etcum

466 4270 583 4338 uellent
599 4272 684 4360 ipsos
707 4270 865 4338 bizantios
888 4271 971 4338 inter
992 4292 1026 4338 se
1048 4270 1204 4361 equaliter
1227 4270 1391 4346 diuidere,
1415 4270 1544 4358 primus

464 4395 641 4483 duplicauit
666 4398 809 4467 secundo
842 4398 999 4465 bizantios
1020 4418 1104 4488 quos
1135 4409 1273 4488 ceperat.
1308 4398 1384 4463 Post
1407 4396 1470 4462 hcc
1492 4416 1544 4463 se·

464 4522 591 4593 cundus
613 4527 788 4614 tripiicauit
821 4527 917 4595 tertio
950 4525 1071 4594 homini
1096 4536 1201 4594 totum
1223 4525 1255 4591 id
1280 4521 1369 4611 quod
1392 4542 1543 4612 sumpse·
