4175 5792
493 687 514 752 2

493 831 692 918 questiones,
723 839 846 918 tanque,
870 828 1066 918 geometrice
1091 840 1192 916 quant
1219 825 1419 892 arismetrice
1445 821 1584 911 indaga·

498 960 585 1024 tione
607 957 696 1044 uigili
716 957 762 1022 sic
780 955 992 1044 probabiliter
1009 955 1160 1031 enodate,
1180 965 1216 1021 ut
1237 976 1279 1022 ne
1297 952 1375 1019 dum
1392 971 1458 1018 non
1473 949 1586 1017 solum

501 1084 636 1151 floreant
658 1084 727 1151 inse
751 1083 840 1172 ipsiS,
866 1083 965 1149 immo
988 1092 1021 1149 et
1042 1078 1132 1171 quod
1149 1101 1206 1168 per
1224 1102 1300 1156 eas,
1324 1079 1414 1145 uelut
1435 1099 1475 1144 ex
1493 1075 1584 1142 radi-

495 1210 590 1279 cibus
612 1210 756 1297 plantulc
778 1219 948 1298 emergunt
970 1209 1139 1275 innumere
1156 1207 1364 1297 questiones,
1388 1203 1509 1294 quibus
1533 1203 1586 1268 in·

496 1337 626 1405 tendum
648 1356 768 1403 uacare
796 1334 1052 1424 sidiguabiminj‚
1084 1334 1231 1422 poteritis
1264 1334 1289 1400 si
1319 1331 1460 1421 placebit
1494 1332 1583 1396 inter

496 1486 593 1532 curas
609 1475 642 1531 et
656 1462 889 1550 occupationes
906 1472 1035 1539 uestras
1053 1460 1096 1528 ab
1111 1461 1295 1528 octiositate
1309 1459 1379 1535 illa,
1396 1479 1461 1548 que
1476 1457 1585 1524 uirtu-

498 1603 569 1659 tum
587 1601 637 1658 est
655 1610 813 1666 nouerca,
830 1587 980 1656 uacando
995 1586 1058 1655 sub
1073 1589 1302 1655 exercitatione
1317 1586 1450 1676 ingenij,
1466 1585 1588 1652 solatia

498 1720 598 1784 etiam
621 1737 682 1784 nec
703 1716 824 1783 sterilia
845 1714 901 1782 sed
925 1712 1068 1781 officiosa
1092 1723 1234 1802 captare.
1259 1713 1292 1780 Si
1315 1722 1426 1780 autem
1444 1711 1507 1778 hoc
1527 1730 1587 1777 no-

500 1864 579 1911 uero
602 1845 623 1910 a
646 1854 753 1928 uestrq
777 1843 947 1928 clementie
977 1843 1177 1932 benignitate
1204 1844 1388 1932 acceptari,
1426 1841 1588 1931 quicquid

500 1993 615 2038 ameno
637 1970 828 2038 subtilitatis
849 1972 901 2038 uel
919 1972 1068 2039 utilitatis
1087 1971 1224 2043 ulterius
1241 1969 1459 2048 adiuuenero,
1479 1968 1589 2036 eidem

500 2098 606 2187 operi,
622 2108 659 2164 ut
677 2109 819 2164 uestram
841 2120 965 2165 merear
976 2099 1115 2188 gratiam
1130 2096 1279 2186 adipisci,
1296 2097 1456 2164 obnoxius
1470 2117 1590 2163 cumu-

503 2224 594 2302 labo,
616 2225 730 2292 eadem
755 2236 788 2292 et
811 2247 863 2292 me
886 2226 994 2313 ipsum
1014 2223 1207 2292 correctioni
1231 2222 1461 2289 dominationis
1479 2232 1590 2289 uestre

501 2350 712 2419 affectuosius
734 2351 957 2440 supponendo.

662 2603 803 2693 Empticit
821 2607 964 2694 proloqui
985 2610 1093 2696 incipit
1107 2618 1264 2676 tractatos
1285 2613 1426 2676 eiusdem.

569 2857 638 2922 Cvu
655 2877 768 2923 coram
787 2858 956 2926 maiestate
967 2870 1090 2935 uestra,
1106 2861 1336 2949 gloriosissime
1348 2862 1498 2950 princeps
1510 2862 1588 2929 Fre-

503 2984 626 3061 derice,
649 2985 802 3073 magister
823 2984 985 3054 lohannes
1008 2987 1270 3074 panormitanus,
1289 2986 1513 3081 phylosophus
1531 3009 1590 3055 ue·

504 3122 586 3188 ster,
610 3111 689 3200 pisis
712 3133 840 3180 mecum
864 3113 968 3180 multa
990 3112 1031 3181 de
1054 3115 1199 3181 numeris
1218 3115 1420 3191 contulisset,
1438 3115 1589 3202 interque

504 3239 587 3307 duas
601 3239 802 3329 questiones,
814 3261 878 3328 que
889 3259 955 3306 non
967 3239 1075 3306 minus
1087 3239 1128 3305 ad
1140 3240 1351 3328 geometriam
1362 3258 1462 3329 quam
1474 3237 1517 3303 ad
1529 3261 1591 3305 uu·

506 3387 631 3433 merum
651 3367 824 3453 pertinent,
842 3366 1034 3455 proposuit3¹
1050 3367 1197 3445 Quarum
1213 3367 1318 3454 prima
1334 3366 1394 3434 luit
1408 3375 1445 3431 ut
1465 3364 1591 3430 inueni-

504 3501 593 3558 retur
615 3492 797 3581 quadratus
818 3515 975 3563 numerus
998 3494 1130 3582 aliquis,
1148 3494 1200 3561 cui
1220 3493 1332 3561 addito
1350 3491 1403 3559 uel
1426 3490 1589 3558 diminuto

386 3682 389 3689 .
503 3619 652 3706 quinario
670 3619 678 3706 Ι
698 3640 849 3696 numero,
872 3619 1059 3709 egrediatur
1080 3620 1266 3710 quadratus·
1284 3638 1454 3694 numerus,
1478 3639 1589 3706 ,quem

503 3745 700 3835 quadratum
724 3768 911 3824 numerum,
936 3759 970 3816 rt
1001 3747 1106 3816 eidem
1132 3747 1287 3835 magistro
1316 3744 1451 3812 Iohanni
1476 3745 1588 3822 retuli,

503 3876 612 3942 inueni
633 3896 703 3942 esse
719 3874 806 3943 hunc
825 3884 1018 3953 numerum,
1028 3874 1184 3944 ¹undecim
1199 3873 1333 3940 etduas
1345 3874 1456 3941 tertias
1469 3885 1502 3942 et
1514 3893 1590 3940 cen-

505 4000 958 4090 tesimamquadragesimam
973 4014 1123 4093 quartam
1146 4001 1253 4068 unius.
1273 4001 1375 4070 Cuius
1393 4003 1521 4070 numeri
1537 4023 1592 4070 ra·

505 4128 560 4194 dix
580 4139 629 4196 est
640 4129 800 4195 ternarius
815 4139 847 4195 et
860 4142 978 4219 quarta
999 4140 1032 4197 et
1055 4130 1111 4196 vr'.
1137 4131 1242 4197 unius.
1265 4131 1324 4198 Cui
1348 4131 1509 4224 quadrato
1529 4152 1589 4198 nu·

507 4277 595 4322 mero
614 4257 641 4323 si
664 4255 826 4323 addantur
845 4257 990 4346 quinque
1008 4256 1211 4344 prouenient.
1228 4277 1294 4326 xri.
1308 4269 1341 4326 et
1363 4257 1427 4326 dne
1451 4258 1544 4326 tertie
1559 4270 1594 4325 et

507 4404 573 4449 una
584 4385 759 4452 centesima
777 4383 1028 4472 quadragesima
1039 4395 1172 4473 quarta,
1190 4385 1247 4475 qui
1265 4407 1421 4452 numerus
1441 4395 1491 4452 est
1509 4406 1594 4472 qua-

508 4508 632 4579 dratus.
657 4513 757 4580 Cuius
777 4512 869 4579 radix
891 4521 940 4579 est
968 4521 1114 4599 quatuor·
1140 4523 1172 4580 et
1195 4534 1261 4580 una
1283 4511 1487 4581 duodecima.
1508 4511 1592 4579 Item
