4175 5792
468 699 511 761 oo

467 841 551 906 drati
575 840 674 908 ducto
702 843 745 906 in.
769 846 799 908 1.
823 842 879 929 qui
905 855 953 908 ost
977 842 1179 929 quadratus,
1206 840 1281 907 iacit
1311 841 1430 905 iterum
1455 839 1543 926 qnin-

467 969 600 1057 cuplum
625 969 787 1058 quadrati.
813 971 898 1058 Ergo
920 989 1102 1057 congruum
1125 968 1214 1057 quod
1238 967 1274 1033 fit
1298 967 1341 1034 ab
1366 966 1425 1075 his⁸
1439 966 1547 1054 quinta

475 1116 550 1182 pars
573 1096 634 1162 orit
656 1097 827 1185 quadrata.

624 1359 685 1423 Hoc
708 1360 824 1443 quaetio
843 1356 979 1438 predicto
1002 1359 1035 1419 in
1055 1357 1178 1442 proiopo
1201 1354 1273 1417 tori
1295 1352 1395 1417 inimo.

536 1614 618 1677 Vono
640 1612 784 1677 inuenire
803 1609 1017 1699 quadratum,
1040 1611 1094 1677 cui
1114 1608 1237 1676 addito.
1251 1612 1281 1675 5.
1293 1607 1346 1675 uei
1373 1607 1551 1679 diminuto,

466 1735 562 1802 iaciat
599 1736 797 1824 quadratum
834 1758 1019 1804 nnmerum.
1069 1737 1224 1804 Adiaoeat
1261 1756 1468 1824 congruum,
1503 1735 1551 1801 cni

464 1862 579 1948 quinta
612 1884 688 1950 pars
720 1865 762 1929 sit
794 1864 978 1953 quadrata,
1013 1865 1139 1953 eritque
1181 1866 1278 1939 7211,
1302 1863 1397 1939 cuins
1437 1862 1551 1950 quinta

464 2012 539 2078 pars
561 2002 620 2057 ost.
651 1993 727 2057 itt.
755 1993 786 2057 in
810 2012 876 2080 quo
900 1991 1011 2064 diuida
1044 1992 1224 2081 quadratos
1260 2001 1478 2079 congruentes
1511 1990 1553 2055 ei-

464 2119 550 2186 dem.
574 2120 651 2185 720.
674 2139 816 2206 quorum
841 2120 966 2207 primas
989 2130 1049 2187 est.
1073 2122 1149 2186 961.
1184 2117 1349 2186 secundus
1371 2128 1432 2184 est.
1457 2119 1552 2184 1681.

466 2250 580 2314 tertius
603 2257 713 2314 autem
737 2257 796 2312 cst.
823 2247 921 2315 2101.
951 2260 983 2314 et
1011 2258 1060 2315 est
1083 2247 1175 2314 radix
1202 2247 1297 2334 primi
1321 2245 1477 2335 quadrati
1500 2247 1552 2311 31.

466 2375 616 2443 Secundi.
640 2375 693 2441 11.
718 2375 813 2440 tertii.
839 2375 891 2441 to.
915 2375 1015 2443 exibit
1038 2396 1097 2463 pro
1128 2376 1235 2463 primo
1258 2377 1423 2464 quadrato
1445 2378 1491 2461 ἦῆ
1513 2376 1553 2445 6,

463 2505 557 2569 ouius
577 2503 669 2568 radix
687 2514 736 2568 est
755 2507 792 2582 ᾗ.
818 2503 867 2573 2..
886 2524 951 2590 quo
970 2503 1120 2591 prouenit
1140 2524 1179 2569 ax
1198 2502 1358 2569 diuisione
1377 2504 1432 2568 31,
1451 2500 1484 2565 in
1505 2521 1554 2565 ra-

464 2630 570 2698 dicem
593 2630 633 2696 do
656 2630 747 2705 tit..
773 2629 835 2696 hoc
857 2642 906 2697 est
932 2632 972 2696 in.
996 2633 1050 2696 12.
1073 2641 1121 2717 et.
1136 2651 1195 2719 pro
1227 2628 1393 2704 secundo,
1417 2627 1483 2695 hoc
1508 2639 1556 2695 est

465 2781 524 2848 pro
542 2761 669 2848 quesito
685 2760 863 2848 quadrato,
889 2763 998 2826 ueniet
1018 2763 1062 2845 ἐή
1081 2761 1138 2833 ii,
1158 2761 1255 2825 cuins
1279 2755 1371 2823 radix
1390 2766 1440 2822 est
1462 2758 1492 2835 ἦ
1516 2757 1556 2827 3,

465 2910 530 2974 quc
547 2889 697 2974 prouenit
708 2887 930 2956 exdiuisionc.
946 2890 1000 2955 11.
1015 2891 1061 2954 in.
1075 2890 1129 2953 ta.
1147 2883 1190 2975 (1)
1217 2897 1250 2952 et
1268 2906 1327 2973 pro
1342 2884 1460 2951 ultimo
1476 2901 1557 2972 qna-

466 3015 561 3082 drato
584 3017 692 3083 ueniet
715 3022 758 3103 ,ξς
783 3021 840 3091 16,
865 3018 959 3083 cuius
980 3015 1072 3082 radix
1096 3024 1144 3080 est
1167 3016 1196 3092 ᾗ
1220 3013 1249 3077 t.

532 3144 565 3209 Sr
580 3142 645 3210 dno
666 3145 802 3232 quilibet
832 3145 958 3212 numeri
981 3154 1223 3231 componantur
1245 3141 1400 3207 facientes
1422 3159 1557 3227 compo-

466 3273 563 3338 situm
587 3294 627 3339 ex
644 3270 694 3337 his
713 3292 825 3358 param
849 3292 1039 3343 numerum,
1062 3269 1227 3357 proportio
1251 3267 1423 3354 compositi
1444 3265 1487 3332 ad
1509 3288 1556 3333 re-

474 3545 606 3603 cuperiorc.
624 3543 670 3592 Fra
689 3548 779 3605 questa
795 3543 845 3592 dna
861 3544 926 3592 tinec
942 3543 966 3591 al
981 3541 1007 3589 di
1024 3553 1099 3601 sopra
1119 3539 1185 3589 delle
1209 3541 1298 3590 lettere
1325 3543 1392 3588 terna
1418 3550 1432 3587 e
1456 3543 1549 3600 quarta

473 3641 538 3691 della
554 3642 640 3702 parola
659 3658 672 3688 n
689 3617 765 3692 doctu
785 3661 796 3685 ι
815 3641 900 3691 vadosi
918 3655 951 3691 un
969 3653 1045 3703 segno
1062 3639 1088 3688 di
1105 3640 1243 3701 richiamo,
1260 3651 1274 3688 o
1292 3639 1332 3687 sui
1347 3637 1462 3699 margine
1483 3637 1548 3686 tate-

473 3739 524 3786 raie
540 3744 640 3790 esterno
658 3741 698 3790 dol
717 3742 855 3791 medesimo
871 3745 939 3791 racto
956 3754 990 3790 nn
1007 3752 1085 3802 segno
1102 3740 1182 3788 simite
1198 3738 1224 3787 di
1240 3738 1379 3797 richiamo‚
1396 3736 1496 3799 segnito
1514 3734 1547 3784 da

471 3850 518 3885 una
537 3842 653 3901 postiila,
673 3855 744 3892 come
759 3844 800 3892 nei
817 3843 953 3904 [adsimile
975 3846 1096 3903 segnente
1111 3841 1136 3890 di
1153 3842 1199 3890 tali
1214 3842 1280 3891 lineo
1302 3839 1372 3902 segni
1397 3851 1414 3909 o
1433 3839 1546 3901 postilla.

512 3952 1011 4044 concamaranda
1024 3955 1322 4076 altmanno
1400 3981 1525 4070 m

506 4053 727 4143 inridit-furit
737 4055 973 4146 punitatem
981 4024 1402 4142 diuituprrupiooriddmst

530 4183 563 4241 (i)
582 4182 628 4232 Cio
645 4183 694 4233 cho
709 4183 730 4231 si
747 4183 817 4246 legge
834 4186 902 4234 neila
918 4190 1036 4244 prasente
1053 4185 1142 4248 pagina
1159 4185 1207 4249 96,
1225 4189 1267 4236 lin.
1285 4188 1362 4251 8-47,
1387 4189 1455 4240 dalla
1475 4192 1545 4239 terzo

469 4283 556 4331 lettera
572 4281 637 4332 dolia
653 4284 739 4346 pamla
756 4287 908 4346 quadratum
928 4285 977 4334 tino
994 4300 1008 4335 a
1026 4302 1040 4334 n
1059 4286 1085 4336 11
1106 4286 1131 4334 in
1148 4285 1209 4337 111»
1234 4289 1313 4338 torma
1339 4290 1362 4338 lc
1387 4295 1452 4341 sotto
1477 4290 1545 4340 lineo

467 4380 543 4429 it-i'i
558 4382 624 4432 daila
642 4388 711 4433 carta
727 4384 753 4434 31
772 4389 840 4434 racto
855 4384 895 4434 del
912 4385 1005 4435 Codice
1022 4387 1292 4451 ambrosianam,
1309 4390 1383 4439 Porto
1401 4392 1543 4452 Superiora.

467 4479 556 4530 Presso
572 4495 586 4530 a
602 4487 690 4544 questo
706 4489 769 4535 saite
786 4486 851 4536 linae
867 4487 905 4536 sni
924 4486 1036 4548 margine
1053 4487 1155 4537 laterata
1187 4491 1288 4539 esterno
1313 4489 1379 4539 delia
1404 4491 1542 4541 medasima

467 4585 533 4629 carta
550 4579 576 4629 31
595 4587 663 4633 recto
679 4585 773 4635 trovasi
789 4587 813 4635 la
828 4586 910 4649 figura
927 4589 1049 4651 riportata
1065 4588 1090 4637 in
1107 4587 1244 4648 fac-simila
1256 4591 1296 4640 nei
1310 4591 1424 4653 margine
1438 4593 1540 4643 laterata

463 4683 563 4729 esterno
579 4681 644 4731 delia
660 4690 777 4744 prasonto
798 4689 888 4751 pagina
903 4688 942 4739 96.
