4175 5792
500 719 565 783 t08

499 861 543 925 ita
565 860 746 948 quadratus
767 865 893 930 numeri
916 886 945 940 9,
963 865 1085 930 scilicet
1101 883 1256 930 numerus
1277 883 1294 928 9
1314 883 1353 950 9,
1377 860 1420 926 ad
1437 856 1570 948 quadra·

499 1001 569 1056 tum
593 990 720 1056 numeri
746 991 774 1064 b,
801 989 923 1056 scilicet
945 989 987 1055 ad
1010 1009 1184 1055 numerum
1207 1009 1223 1052 e
1246 989 1276 1054 lt.
1298 985 1361 1053 Sed
1383 985 1468 1051 siout
1491 1005 1507 1048 c
1527 991 1569 1048 est

498 1114 539 1181 ad
563 1119 595 1190 d,
617 1117 661 1182 ita
677 1116 834 1182 luitaad
854 1119 886 1192 b,
904 1136 982 1204 ergo
997 1117 1082 1180 siout
1102 1135 1122 1180 a
1142 1113 1184 1179 ad
1204 1113 1239 1187 b,
1262 1113 1307 1178 ita
1326 1130 1567 1191 numerusep,

496 1240 537 1307 ad
568 1265 741 1310 numerum
765 1266 780 1308 9
803 1243 844 1318 lt,
869 1242 927 1310 luit
950 1242 1049 1309 etiam
1072 1243 1157 1308 sicut
1191 1262 1211 1306 a
1242 1239 1284 1305 ad
1309 1242 1348 1314 b,
1373 1239 1457 1304 itae
1488 1237 1508 1322 f
1533 1234 1569 1300 ad

496 1390 669 1436 numerum
684 1392 700 1435 e
715 1392 744 1454 9.
761 1370 892 1436 Numeri
907 1390 984 1458 ergo
999 1392 1014 1435 9
1028 1370 1056 1455 f,
1071 1381 1104 1435 ot
1119 1393 1134 1435 9
1147 1392 1183 1455 9,
1198 1381 1231 1434 et
1245 1389 1261 1432 e
1275 1369 1308 1441 lt,
1324 1367 1481 1433 continue
1503 1381 1571 1451 pro

496 1497 692 1583 portionales
706 1506 791 1564 sunt.
807 1497 849 1561 Et
864 1496 1018 1584 quoniam
1034 1495 1196 1562 estsicute
1204 1495 1224 1580 f
1226 1493 1266 1559 ad
1278 1515 1293 1557 9
1302 1515 1336 1580 9,
1354 1493 1399 1557 ita
1411 1513 1427 1557 9
1438 1513 1457 1573 9
1469 1487 1574 1562 adelt,

495 1623 680 1689 disiunctim
696 1643 773 1710 ergo
793 1624 854 1690 erit
868 1624 953 1689 sicut
968 1646 983 1688 e
999 1625 1019 1710 f
1033 1623 1075 1690 ad
1091 1625 1111 1710 f
1122 1646 1156 1706 9,
1176 1624 1222 1689 ita
1239 1644 1287 1709 99
1303 1620 1344 1688 ad
1360 1643 1379 1702 9
1395 1621 1430 1694 lt,
1448 1639 1574 1706 permu-

496 1751 588 1815 tatim
611 1770 689 1838 ergo
711 1751 796 1817 sicut
817 1750 925 1838 esad
945 1773 961 1816 e
981 1773 1019 1838 9,
1041 1749 1307 1838 itaspadplt,
1327 1745 1573 1833 sedesadep

494 1887 542 1942 est
564 1878 647 1943 siout
666 1898 687 1944 a
706 1878 747 1944 ad
768 1882 807 1953 b,
830 1899 908 1967 ergo
926 1878 1010 1944 sicut
1031 1877 1112 1943 aad
1133 1880 1169 1952 b,
1190 1878 1235 1942 ita
1252 1881 1325 1963 [9,
1344 1874 1470 1941 scilicet
1487 1871 1575 1940 dille

494 2003 597 2069 nentia
611 2024 676 2091 que
690 2015 739 2069 est
755 2005 838 2070 inter
856 2001 1035 2092 quadratos
1054 2003 1153 2088 efet
1174 2024 1190 2067 9
1210 2025 1252 2089 9,
1275 2012 1324 2068 est
1346 2001 1388 2067 ad
1410 2022 1432 2088 9
1456 2000 1576 2075 19,εοί-

494 2130 570 2196 licet
590 2129 632 2195 ad
656 2130 870 2197 differentiam
894 2152 958 2218 que
980 2139 1030 2195 est
1054 2130 1136 2194 inter
1157 2128 1338 2217 quadratos
1361 2151 1420 2216 99
1442 2138 1476 2194 ct
1498 2149 1514 2192 9
1537 2131 1574 2199 b,

494 2280 558 2345 que
581 2259 679 2326 etiam
703 2257 917 2340 ostendantur
939 2278 1015 2324 cum
1038 2258 1191 2324 numeris.
1215 2259 1295 2324 Esto
1313 2257 1449 2346 quidem
1465 2278 1577 2322 nume

494 2408 550 2453 rus
564 2408 596 2454 9.
614 2389 666 2452 16.
678 2395 710 2452 et
722 2406 877 2452 numerus
893 2388 919 2450 b.
937 2387 991 2452 25.
1006 2436 1012 2459 ,
1029 2405 1133 2472 quare
1147 2405 1304 2450 numerus
1317 2407 1335 2450 9
1347 2384 1421 2450 erit.
1440 2386 1510 2454 20„
1523 2383 1577 2471 qui

492 2524 684 2602 procreatur
705 2536 745 2580 ex
768 2514 871 2580 ductu
890 2511 1010 2578 radicis
1032 2511 1073 2579 de
1096 2515 1161 2587 ld,
1184 2512 1216 2576 in
1240 2513 1383 2579 radicem
1404 2512 1455 2578 de.
1475 2513 1531 2578 25.
1547 2520 1577 2576 ot

491 2651 541 2710 est
563 2644 657 2708 sicut.
681 2643 734 2707 16.
759 2638 810 2705 ad.
836 2642 890 2706 20.
915 2639 970 2704 ita.
984 2641 1027 2705 20
1047 2638 1098 2703 ad.
1115 2640 1168 2704 25.
1184 2649 1217 2704 et
1234 2640 1295 2704 erit
1315 2640 1501 2728 quadratus
1520 2661 1577 2705 nu·

493 2769 573 2834 meri
595 2790 636 2843 a,
652 2766 775 2832 scilicet
790 2786 946 2831 numerus
961 2786 977 2829 9
994 2768 1032 2848 l..
1049 2766 1125 2830 256.
1143 2777 1177 2831 et
1194 2766 1377 2853 quadratus
1395 2766 1528 2833 numeri
1545 2787 1575 2839 9,

492 2895 614 2960 scilicet
638 2916 793 2961 numerus
816 2915 831 2958 9
853 2917 882 2976 9.
910 2895 984 2958 100.
1009 2904 1040 2958 et
1063 2891 1245 2980 quadratus
1278 2895 1407 2961 numeri
1443 2895 1484 2970 b,
1515 2893 1577 2960 boo

389 3050 395 3059 ·
416 3052 469 3082 mn
493 3032 541 3089 est
556 3042 712 3088 numerus
724 3043 740 3086 e
751 3022 780 3094 lt,
801 3020 808 3108 Ι
827 3032 884 3087 est.
902 3024 977 3087 625.
998 3021 1083 3089 vnde
1099 3023 1125 3089 si
1142 3044 1183 3088 ex
1199 3043 1251 3108 99
1269 3023 1439 3088 auferatur
1453 3044 1469 3087 9
1484 3025 1512 3110 s,
1530 3043 1578 3089 re-

492 3145 680 3213 manebunt.
701 3146 777 3212 tlt.
798 3167 858 3234 pro
876 3167 1011 3214 numero
1029 3148 1049 3233 f
1054 3170 1075 3234 9
1088 3197 1097 3220 ,
1112 3158 1145 3212 et
1164 3148 1191 3211 si
1206 3149 1374 3213 auferatur
1391 3147 1578 3235 quadratus

490 3293 506 3336 9
519 3295 539 3359 9
555 3293 595 3338 ex
608 3272 772 3361 quadrato
786 3294 802 3338 9
818 3273 850 3339 lt.
867 3273 1000 3340 scilicet.
1014 3275 1090 3338 loo.
1102 3273 1153 3339 de.
1166 3276 1243 3339 625.
1256 3273 1486 3341 remanebunt.
1499 3277 1576 3341 225.

491 3419 550 3486 pro
567 3421 704 3466 numero
725 3423 745 3487 9
770 3403 804 3475 li,
828 3412 903 3467 sunt
922 3401 1019 3467 enirn.
1043 3400 1114 3465 tlt.
1138 3399 1180 3465 ad
1204 3402 1280 3465 225.
1299 3402 1394 3468 siout.
1420 3404 1476 3468 16.
1500 3412 1577 3469 sunt

489 3528 531 3594 ad
554 3531 630 3601 25„
653 3540 684 3595 ct
708 3527 770 3595 boo
793 3528 881 3593 uolui
903 3528 1138 3595 demonstrare.

556 3656 602 3719 Er
621 3655 654 3720 Si
677 3655 753 3721 data
769 3656 937 3743 proportio
952 3655 1093 3720 duarum
1109 3653 1365 3721 differentiarum
1384 3657 1577 3724 cadentium

489 3782 572 3848 inter
593 3792 659 3847 tres
679 3780 859 3870 quadratos
887 3801 952 3847 non
985 3770 1081 3847 luerit
1115 3781 1225 3868 aliqua
1248 3785 1576 3872 suprascriptarum,

488 3906 636 3976 uidelicet
648 3928 688 3974 cx
700 3908 873 3975 continuis.
887 3907 938 3975 uel
950 3929 989 3974 ex
1002 3905 1183 3996 imparibus
1197 3908 1443 3976 collateralibus
1458 3932 1577 3978 numo·

489 4034 546 4107 ris.
566 4045 624 4101 aut
639 4056 679 4100 ex
693 4033 824 4099 duobus
839 4032 1009 4122 quadratis
1026 4032 1221 4098 solutionem
1238 4055 1383 4121 quarum
1401 4058 1443 4102 ox
1461 4058 1578 4104 ascen·

487 4160 577 4225 sione
592 4159 834 4226 octonariorum
850 4158 1017 4226 cadentem
1035 4161 1119 4226 inter
1134 4159 1315 4246 quadratos
1332 4165 1494 4251 impares,
1507 4186 1575 4255 que

486 4280 522 4347 bt
556 4304 596 4349 en
628 4284 773 4351 numeris
806 4285 960 4350 continue
995 4285 1247 4353 ascendentibus
1278 4288 1321 4354 ab
1354 4291 1575 4364 unitate,e1

486 4409 674 4476 musione
695 4411 978 4498 quaternariorum
1001 4410 1138 4477 cadente
1161 4414 1246 4479 inter
1269 4434 1365 4503 pares
1386 4418 1574 4506 quadratos

487 4553 660 4601 numeros.
683 4556 748 4623 que
769 4534 805 4601 bt
821 4557 861 4603 ex
876 4538 1019 4603 numeris
1033 4537 1079 4605 ab
1096 4540 1222 4607 unitate
1236 4544 1494 4615 madentibus
1513 4570 1574 4639 per

486 4659 625 4747 impuros
649 4679 800 4727 numeros
834 4661 1035 4731 inpertiamus
1068 4660 1130 4729 boc
1163 4664 1288 4736 culino.
1323 4670 1493 4743 Pommus
1527 4685 1565 4742 ut
