4175 5792
505 688 547 753 26

502 833 641 900 hominis
659 843 802 922 quatuor
824 833 917 898 tertie
936 832 1034 899 unius
1059 832 1103 898 rai
1128 830 1236 895 minus
1258 835 1347 894 sexta
1368 823 1467 889 unius
1488 819 1594 886 bursa

499 972 532 1029 et
553 959 726 1027 medietate
744 960 843 1026 unius
865 959 1020 1048 dragma,
1043 977 1142 1045 super
1164 975 1229 1044 qua
1250 953 1370 1020 addam
1393 950 1591 1036 dragmam,

500 1088 622 1158 scilicet
656 1089 872 1178 quantitatem
908 1085 1005 1174 primi
1040 1083 1199 1158 hominis,
1236 1095 1268 1147 et
1301 1077 1471 1146 habebunt
1505 1074 1593 1138 inter

498 1227 654 1306 quartum
677 1226 709 1283 et
745 1215 886 1304 primum
921 1211 1087 1279 hominem
1109 1219 1253 1298 quatuor
1276 1208 1387 1274 tertias
1403 1208 1408 1218 '
1422 1205 1521 1272 unius
1544 1200 1592 1267 rei

376 1400 380 1411 .
446 1386 465 1410 a
499 1355 532 1411 at
554 1344 762 1412 medietatem
792 1340 929 1430 dragma
959 1348 964 1428 Ι
990 1338 1098 1405 minus
1120 1348 1211 1404 sexta
1233 1346 1326 1424 parte
1349 1334 1447 1401 unius
1470 1333 1592 1405 bursa,

499 1469 588 1559 quod
613 1482 718 1536 totum
741 1466 1023 1557 quadruplicabo,
1049 1476 1082 1532 et
1105 1465 1297 1554 proueniant
1319 1465 1464 1554 quinque
1488 1482 1541 1527 ras
1559 1470 1593 1526 et

501 1599 594 1665 tertia
617 1609 650 1663 et
672 1595 807 1685 dragma
829 1596 850 1661 2
873 1604 905 1662 et
936 1597 1043 1661 minus
1066 1598 1082 1676 ξ
1104 1594 1201 1660 unius
1224 1593 1344 1668 bursa,
1373 1613 1438 1680 qua
1469 1608 1595 1678 aquan-

502 1739 556 1794 tur
587 1725 763 1790 coniuncto
796 1722 990 1812 quantitatis
1024 1722 1108 1808 tartij
1134 1720 1275 1788 hominis
1297 1731 1329 1786 at
1364 1718 1474 1804 bursa.
1508 1720 1592 1785 Nam

502 1854 616 1921 tertius
628 1851 728 1919 homo
746 1850 858 1926 habet,
878 1862 915 1917 ut
927 1850 1078 1938 superius
1090 1849 1280 1915 inuenatum
1296 1859 1362 1924 ast,
1384 1846 1592 1914 medietatem

503 1981 601 2048 bursa
616 1981 757 2048 etunius
771 1979 921 2069 dragma,
942 1999 977 2046 re
992 1999 1058 2045 nna
1076 1977 1249 2053 diminuta,
1266 1977 1387 2066 quibus
1403 1978 1430 2043 si
1449 1976 1594 2044 addatur

503 2108 620 2182 bursa.
637 2108 699 2176 arit
713 2107 813 2174 bursa
827 2129 892 2174 una
908 2119 940 2174 at
953 2106 1089 2174 dimidia
1104 2117 1136 2174 at
1156 2105 1311 2174 medietas
1330 2105 1465 2196 dragma
1485 2107 1594 2173 minus

502 2258 568 2302 una
596 2257 649 2310 re,
672 2256 738 2324 qua
766 2246 931 2325 aquantur
953 2235 1052 2304 rebus
1076 2239 1092 2316 ξ
1115 2238 1135 2300 6
1163 2245 1195 2302 et
1218 2234 1362 2324 dragmis
1392 2236 1413 2302 2
1448 2236 1556 2302 minus
1578 2241 1594 2318 ξ

502 2366 599 2432 unius
615 2366 729 2442 bursa,
751 2385 855 2456 quare
877 2367 903 2432 si
920 2365 1140 2432 communiter
1150 2362 1314 2430 addantur
1328 2365 1453 2447 {unius
1468 2364 1595 2447 bursa}

500 2503 533 2559 et
553 2514 604 2560 res
626 2514 712 2569 una,
744 2505 840 2560 erunt
863 2492 998 2571 hur-set
1025 2494 1046 2556 2
1075 2503 1107 2557 et
1140 2490 1296 2558 medietas
1331 2492 1489 2582 dragma,
1527 2516 1593 2583 qua

503 2630 666 2710 aquantur
692 2620 790 2688 rebus
820 2627 838 2697 t
863 2626 883 2689 6
913 2632 945 2690 at
967 2620 1113 2711 dragmis
1137 2624 1168 2688 2.
1187 2620 1301 2698 ‘Quare
1326 2621 1353 2688 si
1377 2624 1596 2690 communiter

503 2748 671 2814 auferatur
695 2746 851 2815 medietas
873 2747 1023 2837 dragma,
1052 2748 1268 2816 remanebunt
1292 2753 1315 2829 ¹³³
1344 2749 1442 2815 unius
1475 2749 1595 2824 burse,

503 2895 568 2962 que
593 2886 756 2962 aquantur
790 2874 887 2942 rebus
908 2878 925 2957 ἑ
954 2879 993 2952 6,
1017 2885 1050 2942 et
1073 2873 1207 2964 dragma
1229 2878 1245 2955 t
1272 2878 1285 2943 i
1334 2877 1463 2955 Quare,
1487 2886 1524 2942 ut
1548 2897 1597 2943 ra

503 2982 657 3091 digantur
690 3002 750 3070 hee
777 3002 818 3069 ad
840 3006 1059 3092 quantitatem
1087 3003 1186 3070 unius
1214 3004 1333 3082 burse,
1368 3003 1595 3093 multiplicabo

502 3149 553 3195 res
577 3130 633 3210 {6
662 3138 695 3196 at
724 3128 933 3218 dragmam}
957 3135 970 3196 t
1001 3152 1058 3220 per
1081 3133 1116 3204 6.
1136 3142 1168 3198 at
1189 3131 1396 3221 egredientur
1420 3133 1464 3198 38
1488 3152 1539 3196 res
1562 3142 1594 3197 et

502 3253 637 3344 dragma
660 3257 681 3320 9
704 3253 880 3323 diuidenda
902 3277 959 3344 par
979 3258 1043 3331 ⁴3,
1067 3256 1204 3323 exibunt
1225 3277 1275 3323 res
1297 3259 1317 3323 3
1341 3258 1449 3322 minus
1470 3259 1550 3337 fiat
1566 3260 1596 3338 r'r

503 3384 601 3450 unius
623 3383 778 3472 dragma,
812 3405 878 3472 que
903 3394 1067 3473 equautur
1089 3383 1144 3448 uni
1176 3382 1292 3459 bursa,
1317 3380 1456 3450 seruabo
1481 3380 1540 3448 hec
1565 3397 1599 3451 et

502 3507 622 3574 addam
646 3508 781 3575 bursam
816 3530 893 3575 curu
925 3509 1108 3598 quantitate
1140 3509 1249 3597 quarti
1275 3507 1436 3583 hominis,
1472 3509 1598 3578 scilicet

505 3655 579 3701 cum
602 3638 620 3715 t
643 3635 740 3701 unius
764 3636 809 3701 rei
837 3636 945 3700 minus
967 3637 982 3714 i
1005 3636 1104 3702 unius
1126 3635 1224 3702 bursa
1246 3647 1279 3703 et
1302 3634 1475 3702 medietate
1499 3637 1599 3704 unius

505 3759 660 3850 dragma,
688 3774 721 3829 at
744 3761 872 3828 habebo
896 3766 912 3843 ξ
934 3764 1031 3829 unius
1064 3763 1109 3829 rei
1130 3764 1199 3842 at}
1227 3763 1323 3828 unius
1358 3761 1456 3828 bursa
1491 3764 1600 3830 minus

508 3887 681 3958 medietate
703 3891 801 3956 nnius
822 3889 978 3979 dragma,
1002 3912 1068 3978 666
1093 3903 1256 3982 aquantur
1270 3890 1448 3979 quincuplo
1471 3893 1602 3981 quanti-

508 4019 583 4084 tatis
606 4018 702 4106 primi
726 4029 759 4085 et
792 4017 927 4085 secundi
951 4015 1113 4099 heminis,
1148 4018 1204 4107 qui
1228 4015 1350 4086 habent
1373 4019 1543 4108 dragmam
1566 4030 1601 4088 et

508 4166 599 4220 ram,
627 4165 668 4212 ax
702 4163 845 4234 quorum
880 4144 1059 4233 quincuplo
1094 4144 1290 4233 proueniunt
1323 4146 1469 4235 quinque
1493 4167 1545 4213 res
1567 4157 1601 4213 et

507 4272 652 4361 quinque
674 4271 829 4361 dragma,
853 4290 931 4360 ergo
954 4275 970 4352 ξ
994 4272 1092 4338 unius
1126 4272 1172 4338 rei
1195 4283 1227 4337 et
1248 4277 1263 4353 ξ
1287 4274 1385 4341 unius
1408 4273 1508 4342 bursa
1539 4276 1602 4340 mi·

507 4416 569 4461 nus
594 4396 766 4464 medietate
793 4397 890 4463 unius
924 4397 1059 4486 dragma
1091 4409 1255 4487 aquantur
1277 4400 1423 4488 quinqua
1447 4397 1546 4465 rebus
1567 4412 1602 4466 at

508 4522 652 4612 quinqua
674 4525 827 4615 dragmis.
856 4526 965 4604 Quare
988 4526 1015 4591 si
1039 4528 1256 4596 communiter
1280 4526 1421 4594 addatur
1442 4524 1603 4593 medietas
