<?xml version="1.0" encoding="UTF-8"?>
<!DOCTYPE html PUBLIC "-//W3C//DTD XHTML 1.0 Transitional//EN"
    "http://www.w3.org/TR/xhtml1/DTD/xhtml1-transitional.dtd">
<html xmlns="http://www.w3.org/1999/xhtml" xml:lang="en" lang="en">
 <head>
  <title>
</title>
<meta http-equiv="Content-Type" content="text/html;charset=utf-8" />
  <meta name='ocr-system' content='tesseract 3.04.00' />
  <meta name='ocr-capabilities' content='ocr_page ocr_carea ocr_par ocr_line ocrx_word'/>
</head>
<body>
  <div class='ocr_page' id='page_1' title='image "./opuscolidileona00fibogoog/opuscolidileona00fibogoog_0149.png"; bbox 0 0 4175 5792; ppageno 0'>
   <div class='ocr_carea' id='block_1_1' title="bbox 1399 710 1513 817">
    <p class='ocr_par' dir='ltr' id='par_1_1' title="bbox 1399 710 1513 817">
     <span class='ocr_line' id='line_1_1' title="bbox 1399 710 1513 817; baseline -0.009 -40"><span class='ocrx_word' id='word_1_1' title='bbox 1399 710 1456 780; x_wconf 76' lang='lat'>⁴2⁴</span> <span class='ocrx_word' id='word_1_2' title='bbox 1512 811 1513 817; x_wconf 7' lang='grc' dir='ltr'>ἵ</span> 
     </span>
    </p>
   </div>
   <div class='ocr_carea' id='block_1_2' title="bbox 330 848 1501 1581">
    <p class='ocr_par' dir='ltr' id='par_1_2' title="bbox 375 848 1466 948">
     <span class='ocr_line' id='line_1_2' title="bbox 375 848 1466 948; baseline 0.018 -35"><span class='ocrx_word' id='word_1_3' title='bbox 375 848 483 925; x_wconf 83' lang='lat' dir='ltr'>radix,</span> <span class='ocrx_word' id='word_1_4' title='bbox 502 871 567 939; x_wconf 88' lang='lat' dir='ltr'>que</span> <span class='ocrx_word' id='word_1_5' title='bbox 582 858 723 939; x_wconf 79' lang='lat' dir='ltr'><strong>equatur</strong></span> <span class='ocrx_word' id='word_1_6' title='bbox 741 850 884 936; x_wconf 80' lang='lat' dir='ltr'>dragmis</span> <span class='ocrx_word' id='word_1_7' title='bbox 901 856 933 934; x_wconf 57' lang='grc' dir='ltr'>ἐξ</span> <span class='ocrx_word' id='word_1_8' title='bbox 951 856 1006 931; x_wconf 91' lang='grc'>63,</span> <span class='ocrx_word' id='word_1_9' title='bbox 1023 877 1235 946; x_wconf 85' lang='lat' dir='ltr'>superquam</span> <span class='ocrx_word' id='word_1_10' title='bbox 1255 858 1418 928; x_wconf 79' lang='lat' dir='ltr'>addamus</span> <span class='ocrx_word' id='word_1_11' title='bbox 1441 863 1466 948; x_wconf 60' lang='grc' dir='ltr'>ἦ.</span> 
     </span>
    </p>

    <p class='ocr_par' dir='ltr' id='par_1_3' title="bbox 330 954 1501 1581">
     <span class='ocr_line' id='line_1_3' title="bbox 375 954 1501 1073; baseline 0.014 -31"><span class='ocrx_word' id='word_1_12' title='bbox 375 976 501 1044; x_wconf 87' lang='lat' dir='ltr'>soilioet</span> <span class='ocrx_word' id='word_1_13' title='bbox 521 975 719 1066; x_wconf 89' lang='lat' dir='ltr'>quadratum</span> <span class='ocrx_word' id='word_1_14' title='bbox 736 977 918 1050; x_wconf 81' lang='lat' dir='ltr'>medietatis</span> <span class='ocrx_word' id='word_1_15' title='bbox 937 981 1070 1059; x_wconf 85' lang='lat' dir='ltr'>radicis,</span> <span class='ocrx_word' id='word_1_16' title='bbox 1089 991 1125 1050; x_wconf 89' lang='lat' dir='ltr'>ut</span> <span class='ocrx_word' id='word_1_17' title='bbox 1141 986 1290 1073; x_wconf 90' lang='lat' dir='ltr'>superius</span> <span class='ocrx_word' id='word_1_18' title='bbox 1310 985 1461 1066; x_wconf 88' lang='lat' dir='ltr'>fecimus,</span> <span class='ocrx_word' id='word_1_19' title='bbox 1498 954 1501 959; x_wconf 50' lang='lat'><em>‚</em></span> 
     </span>
     <span class='ocr_line' id='line_1_4' title="bbox 378 1103 1468 1195; baseline 0.009 -24"><span class='ocrx_word' id='word_1_20' title='bbox 378 1113 413 1171; x_wconf 92' lang='lat' dir='ltr'>et</span> <span class='ocrx_word' id='word_1_21' title='bbox 432 1103 626 1174; x_wconf 87' lang='lat' dir='ltr'>habebimus</span> <span class='ocrx_word' id='word_1_22' title='bbox 640 1107 715 1188; x_wconf 51' lang='grc' dir='ltr'>Η,</span> <span class='ocrx_word' id='word_1_23' title='bbox 738 1107 796 1182; x_wconf 91' lang='grc'>63,</span> <span class='ocrx_word' id='word_1_24' title='bbox 818 1128 883 1195; x_wconf 87' lang='lat' dir='ltr'>que</span> <span class='ocrx_word' id='word_1_25' title='bbox 906 1120 982 1175; x_wconf 91' lang='lat' dir='ltr'>sunt</span> <span class='ocrx_word' id='word_1_26' title='bbox 1004 1111 1184 1178; x_wconf 82' lang='lat' dir='ltr'>eentexime</span> <span class='ocrx_word' id='word_1_27' title='bbox 1203 1113 1320 1191; x_wconf 76' lang='grc'>6360,</span> <span class='ocrx_word' id='word_1_28' title='bbox 1342 1113 1468 1189; x_wconf 86' lang='lat' dir='ltr'>diuida-</span> 
     </span>
     <span class='ocr_line' id='line_1_5' title="bbox 330 1234 1466 1327; baseline 0.011 -31"><span class='ocrx_word' id='word_1_29' title='bbox 330 1251 332 1257; x_wconf 71' lang='grc'>’</span> <span class='ocrx_word' id='word_1_30' title='bbox 381 1252 457 1298; x_wconf 87' lang='lat' dir='ltr'>mus</span> <span class='ocrx_word' id='word_1_31' title='bbox 471 1246 548 1322; x_wconf 86' lang='lat' dir='ltr'>ergo</span> <span class='ocrx_word' id='word_1_32' title='bbox 567 1234 709 1303; x_wconf 81' lang='lat' dir='ltr'>radicem</span> <span class='ocrx_word' id='word_1_33' title='bbox 720 1235 887 1313; x_wconf 81' lang='grc' dir='ltr'>6θ6369.,</span> <span class='ocrx_word' id='word_1_34' title='bbox 898 1237 1019 1305; x_wconf 84' lang='lat' dir='ltr'>seilioet</span> <span class='ocrx_word' id='word_1_35' title='bbox 1033 1238 1077 1305; x_wconf 83' lang='lat'>37</span> <span class='ocrx_word' id='word_1_36' title='bbox 1089 1260 1147 1327; x_wconf 91' lang='lat' dir='ltr'>per</span> <span class='ocrx_word' id='word_1_37' title='bbox 1165 1237 1307 1306; x_wconf 88' lang='lat' dir='ltr'>radieem</span> <span class='ocrx_word' id='word_1_38' title='bbox 1324 1239 1365 1307; x_wconf 87' lang='lat' dir='ltr'>de</span> <span class='ocrx_word' id='word_1_39' title='bbox 1378 1243 1466 1318; x_wconf 76' lang='grc'>600,</span> 
     </span>
     <span class='ocr_line' id='line_1_6' title="bbox 381 1361 1464 1454; baseline 0.006 -26"><span class='ocrx_word' id='word_1_40' title='bbox 381 1363 515 1429; x_wconf 86' lang='lat' dir='ltr'>uenient</span> <span class='ocrx_word' id='word_1_41' title='bbox 531 1366 560 1444; x_wconf 66' lang='grc'>,7,</span> <span class='ocrx_word' id='word_1_42' title='bbox 580 1364 615 1439; x_wconf 88' lang='grc'>3,</span> <span class='ocrx_word' id='word_1_43' title='bbox 631 1361 672 1431; x_wconf 84' lang='grc' dir='ltr'>6θ</span> <span class='ocrx_word' id='word_1_44' title='bbox 689 1363 811 1453; x_wconf 89' lang='lat' dir='ltr'>quibus</span> <span class='ocrx_word' id='word_1_45' title='bbox 833 1363 986 1431; x_wconf 85' lang='lat' dir='ltr'>tollamus</span> <span class='ocrx_word' id='word_1_46' title='bbox 1007 1367 1023 1445; x_wconf 62' lang='grc' dir='ltr'><strong><em>ξ</em></strong></span> <span class='ocrx_word' id='word_1_47' title='bbox 1045 1384 1105 1454; x_wconf 92' lang='lat' dir='ltr'>pro</span> <span class='ocrx_word' id='word_1_48' title='bbox 1128 1365 1303 1435; x_wconf 78' lang='lat' dir='ltr'>medietate</span> <span class='ocrx_word' id='word_1_49' title='bbox 1326 1366 1464 1448; x_wconf 83' lang='lat' dir='ltr'>radicis,</span> 
     </span>
     <span class='ocr_line' id='line_1_7' title="bbox 380 1488 1468 1581; baseline 0.009 -27"><span class='ocrx_word' id='word_1_50' title='bbox 380 1489 598 1557; x_wconf 84' lang='lat' dir='ltr'>remanebunt</span> <span class='ocrx_word' id='word_1_51' title='bbox 619 1493 634 1570; x_wconf 62' lang='grc'>6</span> <span class='ocrx_word' id='word_1_52' title='bbox 655 1491 675 1556; x_wconf 89' lang='grc'>3</span> <span class='ocrx_word' id='word_1_53' title='bbox 698 1511 757 1577; x_wconf 89' lang='lat' dir='ltr'>pro</span> <span class='ocrx_word' id='word_1_54' title='bbox 780 1492 887 1581; x_wconf 89' lang='lat' dir='ltr'>primo</span> <span class='ocrx_word' id='word_1_55' title='bbox 909 1512 1060 1572; x_wconf 91' lang='lat' dir='ltr'>numero,</span> <span class='ocrx_word' id='word_1_56' title='bbox 1083 1503 1115 1561; x_wconf 90' lang='lat' dir='ltr'>et</span> <span class='ocrx_word' id='word_1_57' title='bbox 1137 1488 1189 1561; x_wconf 78' lang='lat' dir='ltr'>sio&#39;</span> <span class='ocrx_word' id='word_1_58' title='bbox 1207 1495 1315 1562; x_wconf 83' lang='lat' dir='ltr'>soluta</span> <span class='ocrx_word' id='word_1_59' title='bbox 1331 1494 1382 1563; x_wconf 89' lang='lat' dir='ltr'>est</span> <span class='ocrx_word' id='word_1_60' title='bbox 1407 1496 1468 1565; x_wconf 88' lang='lat' dir='ltr'>hee</span> 
     </span>
    </p>
   </div>
   <div class='ocr_carea' id='block_1_3' title="bbox 378 1618 1470 1833">
    <p class='ocr_par' dir='ltr' id='par_1_4' title="bbox 378 1618 1470 1833">
     <span class='ocr_line' id='line_1_8' title="bbox 378 1618 1470 1706; baseline 0.006 -22"><span class='ocrx_word' id='word_1_61' title='bbox 378 1618 510 1706; x_wconf 86' lang='lat' dir='ltr'>questio</span> <span class='ocrx_word' id='word_1_62' title='bbox 533 1618 734 1685; x_wconf 88' lang='lat' dir='ltr'>innumeris</span> <span class='ocrx_word' id='word_1_63' title='bbox 767 1619 979 1691; x_wconf 86' lang='lat' dir='ltr'>ratiocinatis.</span> <span class='ocrx_word' id='word_1_64' title='bbox 1002 1630 1035 1687; x_wconf 92' lang='lat' dir='ltr'>et</span> <span class='ocrx_word' id='word_1_65' title='bbox 1058 1621 1238 1689; x_wconf 87' lang='lat' dir='ltr'>seeundum</span> <span class='ocrx_word' id='word_1_66' title='bbox 1277 1621 1369 1690; x_wconf 88' lang='lat' dir='ltr'>huuc</span> <span class='ocrx_word' id='word_1_67' title='bbox 1395 1644 1470 1691; x_wconf 92' lang='lat' dir='ltr'>mo-</span> 
     </span>
     <span class='ocr_line' id='line_1_9' title="bbox 381 1724 988 1833; baseline 0.003 -23"><span class='ocrx_word' id='word_1_68' title='bbox 381 1724 462 1811; x_wconf 89' lang='lat' dir='ltr'>dum</span> <span class='ocrx_word' id='word_1_69' title='bbox 485 1753 592 1833; x_wconf 88' lang='lat' dir='ltr'>potest</span> <span class='ocrx_word' id='word_1_70' title='bbox 610 1744 694 1813; x_wconf 85' lang='lat' dir='ltr'>solui</span> <span class='ocrx_word' id='word_1_71' title='bbox 718 1744 851 1813; x_wconf 83' lang='lat' dir='ltr'>infinitis</span> <span class='ocrx_word' id='word_1_72' title='bbox 873 1745 988 1814; x_wconf 89' lang='lat' dir='ltr'>modis.</span> 
     </span>
    </p>
   </div>
   <div class='ocr_carea' id='block_1_4' title="bbox 356 1869 1545 2987">
    <p class='ocr_par' dir='ltr' id='par_1_5' title="bbox 358 1869 1467 2731">
     <span class='ocr_line' id='line_1_10' title="bbox 358 1869 1467 1969; baseline 0.012 -35"><span class='ocrx_word' id='word_1_73' title='bbox 358 1924 364 1934; x_wconf 80' lang='grc'>,</span> <span class='ocrx_word' id='word_1_74' title='bbox 449 1871 536 1938; x_wconf 86' lang='lat' dir='ltr'>Solui</span> <span class='ocrx_word' id='word_1_75' title='bbox 558 1872 656 1938; x_wconf 90' lang='lat' dir='ltr'>etiam</span> <span class='ocrx_word' id='word_1_76' title='bbox 681 1869 982 1963; x_wconf 70' lang='lat' dir='ltr'>hano‘questiouem</span> <span class='ocrx_word' id='word_1_77' title='bbox 999 1875 1032 1940; x_wconf 92' lang='lat' dir='ltr'>in</span> <span class='ocrx_word' id='word_1_78' title='bbox 1052 1876 1195 1943; x_wconf 89' lang='lat' dir='ltr'>numeris</span> <span class='ocrx_word' id='word_1_79' title='bbox 1215 1877 1362 1967; x_wconf 84' lang='lat' dir='ltr'>integris,</span> <span class='ocrx_word' id='word_1_80' title='bbox 1386 1898 1467 1969; x_wconf 92' lang='lat' dir='ltr'>quo·</span> 
     </span>
     <span class='ocr_line' id='line_1_11' title="bbox 379 1998 1464 2094; baseline 0.006 -30"><span class='ocrx_word' id='word_1_81' title='bbox 379 2020 454 2066; x_wconf 92' lang='lat' dir='ltr'>rum</span> <span class='ocrx_word' id='word_1_82' title='bbox 478 1999 604 2086; x_wconf 92' lang='lat' dir='ltr'>primus</span> <span class='ocrx_word' id='word_1_83' title='bbox 622 1998 681 2066; x_wconf 84' lang='lat' dir='ltr'>suit</span> <span class='ocrx_word' id='word_1_84' title='bbox 698 2002 773 2080; x_wconf 85' lang='lat'>35.,</span> <span class='ocrx_word' id='word_1_85' title='bbox 796 2000 1048 2069; x_wconf 80' lang='lat' dir='ltr'>secundus⁴⁴⁴.</span> <span class='ocrx_word' id='word_1_86' title='bbox 1065 2003 1179 2070; x_wconf 91' lang='lat' dir='ltr'>tertius</span> <span class='ocrx_word' id='word_1_87' title='bbox 1198 2006 1299 2080; x_wconf 90' lang='grc'>360.,</span> <span class='ocrx_word' id='word_1_88' title='bbox 1323 2025 1464 2094; x_wconf 87' lang='lat' dir='ltr'>quorum</span> 
     </span>
     <span class='ocr_line' id='line_1_12' title="bbox 379 2128 1465 2220; baseline 0.007 -28"><span class='ocrx_word' id='word_1_89' title='bbox 379 2128 568 2218; x_wconf 77' lang='lat' dir='ltr'>aggregatio</span> <span class='ocrx_word' id='word_1_90' title='bbox 590 2128 693 2216; x_wconf 88' lang='lat' dir='ltr'>surgit</span> <span class='ocrx_word' id='word_1_91' title='bbox 715 2128 759 2193; x_wconf 86' lang='lat' dir='ltr'>in.</span> <span class='ocrx_word' id='word_1_92' title='bbox 783 2129 881 2206; x_wconf 77' lang='grc'>630,</span> <span class='ocrx_word' id='word_1_93' title='bbox 904 2149 1002 2217; x_wconf 87' lang='lat' dir='ltr'>super</span> <span class='ocrx_word' id='word_1_94' title='bbox 1021 2130 1142 2220; x_wconf 88' lang='lat' dir='ltr'>quibus</span> <span class='ocrx_word' id='word_1_95' title='bbox 1168 2130 1280 2198; x_wconf 89' lang='lat' dir='ltr'>addito</span> <span class='ocrx_word' id='word_1_96' title='bbox 1303 2131 1465 2220; x_wconf 90' lang='lat' dir='ltr'>quadrato</span> 
     </span>
     <span class='ocr_line' id='line_1_13' title="bbox 380 2255 1459 2346; baseline 0.003 -25"><span class='ocrx_word' id='word_1_97' title='bbox 380 2257 478 2345; x_wconf 85' lang='lat' dir='ltr'>primj</span> <span class='ocrx_word' id='word_1_98' title='bbox 503 2256 628 2330; x_wconf 85' lang='lat' dir='ltr'>numeri</span> <span class='ocrx_word' id='word_1_99' title='bbox 644 2255 767 2323; x_wconf 85' lang='lat' dir='ltr'>seilicet</span> <span class='ocrx_word' id='word_1_100' title='bbox 785 2257 906 2333; x_wconf 50' lang='lat'>⁴225,</span> <span class='ocrx_word' id='word_1_101' title='bbox 928 2257 1063 2324; x_wconf 82' lang='lat' dir='ltr'>veniunt</span> <span class='ocrx_word' id='word_1_102' title='bbox 1087 2258 1200 2333; x_wconf 75' lang='lat'>⁴76⁴,</span> <span class='ocrx_word' id='word_1_103' title='bbox 1225 2259 1282 2346; x_wconf 91' lang='lat' dir='ltr'>qui</span> <span class='ocrx_word' id='word_1_104' title='bbox 1304 2279 1459 2326; x_wconf 88' lang='lat' dir='ltr'>numerus</span> 
     </span>
     <span class='ocr_line' id='line_1_14' title="bbox 379 2381 1459 2480; baseline 0 -28"><span class='ocrx_word' id='word_1_105' title='bbox 379 2384 564 2474; x_wconf 81' lang='lat' dir='ltr'>quadratus</span> <span class='ocrx_word' id='word_1_106' title='bbox 580 2395 649 2460; x_wconf 96' lang='grc' dir='ltr'>θεῖ,</span> <span class='ocrx_word' id='word_1_107' title='bbox 673 2393 705 2451; x_wconf 90' lang='lat' dir='ltr'>et</span> <span class='ocrx_word' id='word_1_108' title='bbox 723 2385 794 2450; x_wconf 92' lang='lat' dir='ltr'>eins</span> <span class='ocrx_word' id='word_1_109' title='bbox 809 2382 901 2450; x_wconf 81' lang='lat' dir='ltr'>radix</span> <span class='ocrx_word' id='word_1_110' title='bbox 915 2394 974 2451; x_wconf 88' lang='lat' dir='ltr'>est.</span> <span class='ocrx_word' id='word_1_111' title='bbox 996 2384 1072 2462; x_wconf 64' lang='grc'>66,</span> <span class='ocrx_word' id='word_1_112' title='bbox 1095 2381 1192 2474; x_wconf 71' lang='lat' dir='ltr'>super</span> <span class='ocrx_word' id='word_1_113' title='bbox 1211 2407 1278 2480; x_wconf 87' lang='lat' dir='ltr'>quo</span> <span class='ocrx_word' id='word_1_114' title='bbox 1296 2385 1459 2475; x_wconf 87' lang='lat' dir='ltr'>quadrato</span> 
     </span>
     <span class='ocr_line' id='line_1_15' title="bbox 382 2511 1467 2604; baseline 0.001 -24"><span class='ocrx_word' id='word_1_115' title='bbox 382 2511 497 2580; x_wconf 90' lang='lat' dir='ltr'>addito</span> <span class='ocrx_word' id='word_1_116' title='bbox 528 2512 689 2603; x_wconf 86' lang='lat' dir='ltr'>quadrato</span> <span class='ocrx_word' id='word_1_117' title='bbox 723 2516 851 2580; x_wconf 90' lang='lat' dir='ltr'>numeri</span> <span class='ocrx_word' id='word_1_118' title='bbox 886 2511 1040 2589; x_wconf 80' lang='lat' dir='ltr'>secundi,</span> <span class='ocrx_word' id='word_1_119' title='bbox 1069 2515 1126 2604; x_wconf 94' lang='lat' dir='ltr'>qui</span> <span class='ocrx_word' id='word_1_120' title='bbox 1161 2525 1210 2582; x_wconf 92' lang='lat' dir='ltr'>est</span> <span class='ocrx_word' id='word_1_121' title='bbox 1242 2515 1376 2590; x_wconf 71' lang='grc'>20736,</span> <span class='ocrx_word' id='word_1_122' title='bbox 1411 2535 1467 2581; x_wconf 76' lang='lat' dir='ltr'>ue</span> 
     </span>
     <span class='ocr_line' id='line_1_16' title="bbox 382 2639 1466 2731; baseline 0.003 -25"><span class='ocrx_word' id='word_1_123' title='bbox 382 2642 478 2707; x_wconf 93' lang='lat' dir='ltr'>niunt</span> <span class='ocrx_word' id='word_1_124' title='bbox 501 2641 643 2717; x_wconf 73' lang='grc'>32500,</span> <span class='ocrx_word' id='word_1_125' title='bbox 660 2641 716 2730; x_wconf 92' lang='lat' dir='ltr'>qui</span> <span class='ocrx_word' id='word_1_126' title='bbox 740 2661 896 2708; x_wconf 92' lang='lat' dir='ltr'>numerus</span> <span class='ocrx_word' id='word_1_127' title='bbox 918 2639 1101 2731; x_wconf 89' lang='lat' dir='ltr'>quadratus</span> <span class='ocrx_word' id='word_1_128' title='bbox 1123 2653 1193 2719; x_wconf 89' lang='lat' dir='ltr'>est,</span> <span class='ocrx_word' id='word_1_129' title='bbox 1224 2653 1256 2710; x_wconf 91' lang='lat' dir='ltr'>et</span> <span class='ocrx_word' id='word_1_130' title='bbox 1281 2641 1373 2708; x_wconf 87' lang='lat' dir='ltr'>radix</span> <span class='ocrx_word' id='word_1_131' title='bbox 1396 2643 1466 2709; x_wconf 91' lang='lat' dir='ltr'>eius</span> 
     </span>
    </p>

    <p class='ocr_par' dir='ltr' id='par_1_6' title="bbox 356 2749 1545 2987">
     <span class='ocr_line' id='line_1_17' title="bbox 356 2749 1545 2864; baseline 0.001 -28"><span class='ocrx_word' id='word_1_132' title='bbox 356 2800 360 2805; x_wconf 94' lang='lat'>·</span> <span class='ocrx_word' id='word_1_133' title='bbox 380 2778 443 2836; x_wconf 87' lang='grc' dir='ltr'><strong>θεῖ.</strong></span> <span class='ocrx_word' id='word_1_134' title='bbox 465 2770 564 2843; x_wconf 88' lang='grc'>660,</span> <span class='ocrx_word' id='word_1_135' title='bbox 591 2788 690 2856; x_wconf 89' lang='lat' dir='ltr'>super</span> <span class='ocrx_word' id='word_1_136' title='bbox 711 2787 778 2857; x_wconf 91' lang='lat' dir='ltr'>qno</span> <span class='ocrx_word' id='word_1_137' title='bbox 797 2765 959 2859; x_wconf 85' lang='lat' dir='ltr'>quadrato</span> <span class='ocrx_word' id='word_1_138' title='bbox 978 2769 1090 2837; x_wconf 88' lang='lat' dir='ltr'>addito</span> <span class='ocrx_word' id='word_1_139' title='bbox 1109 2770 1272 2864; x_wconf 81' lang='lat' dir='ltr'>quadrato</span> <span class='ocrx_word' id='word_1_140' title='bbox 1294 2771 1379 2857; x_wconf 87' lang='lat' dir='ltr'>tertij</span> <span class='ocrx_word' id='word_1_141' title='bbox 1405 2791 1465 2837; x_wconf 92' lang='lat' dir='ltr'>uu·</span> <span class='ocrx_word' id='word_1_142' title='bbox 1513 2773 1516 2784; x_wconf 92' lang='lat'>&#39;</span> <span class='ocrx_word' id='word_1_143' title='bbox 1542 2749 1545 2755; x_wconf 40' lang='grc'><strong>’</strong></span> 
     </span>
     <span class='ocr_line' id='line_1_18' title="bbox 383 2894 1464 2987; baseline 0.001 -26"><span class='ocrx_word' id='word_1_144' title='bbox 383 2895 481 2971; x_wconf 82' lang='lat' dir='ltr'>meri,</span> <span class='ocrx_word' id='word_1_145' title='bbox 492 2894 614 2962; x_wconf 84' lang='lat' dir='ltr'>seilicet</span> <span class='ocrx_word' id='word_1_146' title='bbox 628 2895 786 2970; x_wconf 72' lang='lat'>⁴29600.,</span> <span class='ocrx_word' id='word_1_147' title='bbox 802 2896 945 2963; x_wconf 87' lang='lat' dir='ltr'>veniunt.</span> <span class='ocrx_word' id='word_1_148' title='bbox 959 2898 1118 2974; x_wconf 76' lang='grc'>662600,</span> <span class='ocrx_word' id='word_1_149' title='bbox 1134 2898 1189 2987; x_wconf 89' lang='lat' dir='ltr'>qui</span> <span class='ocrx_word' id='word_1_150' title='bbox 1209 2918 1365 2964; x_wconf 89' lang='lat' dir='ltr'>numerus</span> <span class='ocrx_word' id='word_1_151' title='bbox 1383 2918 1464 2986; x_wconf 91' lang='lat' dir='ltr'>qua-</span> 
     </span>
    </p>
   </div>
   <div class='ocr_carea' id='block_1_5' title="bbox 381 3021 1596 3109">
    <p class='ocr_par' dir='ltr' id='par_1_7' title="bbox 381 3021 1596 3109">
     <span class='ocr_line' id='line_1_19' title="bbox 381 3021 1596 3109; baseline -0.003 -18"><span class='ocrx_word' id='word_1_152' title='bbox 381 3023 498 3091; x_wconf 86' lang='lat' dir='ltr'>dratus</span> <span class='ocrx_word' id='word_1_153' title='bbox 512 3034 583 3101; x_wconf 90' lang='grc' dir='ltr'>θεῖ,</span> <span class='ocrx_word' id='word_1_154' title='bbox 602 3033 634 3090; x_wconf 88' lang='grc' dir='ltr'>θῖ</span> <span class='ocrx_word' id='word_1_155' title='bbox 652 3022 744 3090; x_wconf 87' lang='lat' dir='ltr'>radix</span> <span class='ocrx_word' id='word_1_156' title='bbox 763 3023 832 3090; x_wconf 90' lang='lat' dir='ltr'>eius</span> <span class='ocrx_word' id='word_1_157' title='bbox 847 3032 905 3089; x_wconf 91' lang='lat' dir='ltr'>est.</span> <span class='ocrx_word' id='word_1_158' title='bbox 925 3024 1000 3089; x_wconf 87' lang='grc'>390.</span> <span class='ocrx_word' id='word_1_159' title='bbox 1018 3024 1107 3102; x_wconf 91' lang='lat' dir='ltr'>Quos</span> <span class='ocrx_word' id='word_1_160' title='bbox 1126 3036 1279 3090; x_wconf 88' lang='lat' dir='ltr'>numeros</span> <span class='ocrx_word' id='word_1_161' title='bbox 1296 3023 1406 3109; x_wconf 87' lang='lat' dir='ltr'>iuuenj</span> <span class='ocrx_word' id='word_1_162' title='bbox 1428 3043 1467 3088; x_wconf 83' lang='lat' dir='ltr'>ex</span> <span class='ocrx_word' id='word_1_163' title='bbox 1589 3021 1596 3035; x_wconf 85' lang='lat'>‘</span> 
     </span>
    </p>
   </div>
   <div class='ocr_carea' id='block_1_6' title="bbox 353 3148 1535 4746">
    <p class='ocr_par' dir='ltr' id='par_1_8' title="bbox 353 3148 1535 4746">
     <span class='ocr_line' id='line_1_20' title="bbox 381 3148 1517 3242; baseline -0.006 -23"><span class='ocrx_word' id='word_1_164' title='bbox 381 3152 543 3242; x_wconf 89' lang='lat' dir='ltr'>positione</span> <span class='ocrx_word' id='word_1_165' title='bbox 562 3149 681 3218; x_wconf 91' lang='lat' dir='ltr'>horum</span> <span class='ocrx_word' id='word_1_166' title='bbox 697 3151 795 3218; x_wconf 93' lang='lat' dir='ltr'>trium</span> <span class='ocrx_word' id='word_1_167' title='bbox 813 3150 1064 3239; x_wconf 88' lang='lat' dir='ltr'>quadratorum,</span> <span class='ocrx_word' id='word_1_168' title='bbox 1078 3150 1200 3218; x_wconf 87' lang='lat' dir='ltr'>suilieet</span> <span class='ocrx_word' id='word_1_169' title='bbox 1220 3149 1260 3216; x_wconf 92' lang='lat' dir='ltr'>de</span> <span class='ocrx_word' id='word_1_170' title='bbox 1282 3148 1323 3213; x_wconf 85' lang='grc'>60</span> <span class='ocrx_word' id='word_1_171' title='bbox 1335 3158 1366 3214; x_wconf 89' lang='lat' dir='ltr'>et</span> <span class='ocrx_word' id='word_1_172' title='bbox 1383 3149 1464 3222; x_wconf 85' lang='grc'>676,</span> <span class='ocrx_word' id='word_1_173' title='bbox 1514 3176 1517 3180; x_wconf 42' lang='grc'>“</span> 
     </span>
     <span class='ocr_line' id='line_1_21' title="bbox 380 3248 1535 3369; baseline -0.008 -22"><span class='ocrx_word' id='word_1_174' title='bbox 380 3280 467 3348; x_wconf 85' lang='lat' dir='ltr'>etde</span> <span class='ocrx_word' id='word_1_175' title='bbox 478 3282 588 3357; x_wconf 83' lang='lat'>3600,</span> <span class='ocrx_word' id='word_1_176' title='bbox 599 3299 741 3369; x_wconf 92' lang='lat' dir='ltr'>quorum</span> <span class='ocrx_word' id='word_1_177' title='bbox 760 3248 841 3354; x_wconf 89' lang='lat' dir='ltr'>duo,</span> <span class='ocrx_word' id='word_1_178' title='bbox 853 3297 913 3345; x_wconf 86' lang='lat' dir='ltr'>neo</span> <span class='ocrx_word' id='word_1_179' title='bbox 930 3297 996 3343; x_wconf 93' lang='lat' dir='ltr'>non</span> <span class='ocrx_word' id='word_1_180' title='bbox 1013 3287 1046 3344; x_wconf 88' lang='lat' dir='ltr'>et</span> <span class='ocrx_word' id='word_1_181' title='bbox 1063 3277 1124 3366; x_wconf 88' lang='lat' dir='ltr'>ipsi</span> <span class='ocrx_word' id='word_1_182' title='bbox 1146 3287 1211 3344; x_wconf 89' lang='lat' dir='ltr'>tres</span> <span class='ocrx_word' id='word_1_183' title='bbox 1229 3275 1328 3343; x_wconf 87' lang='lat' dir='ltr'>simul</span> <span class='ocrx_word' id='word_1_184' title='bbox 1345 3272 1465 3361; x_wconf 86' lang='lat' dir='ltr'>additj‚</span> <span class='ocrx_word' id='word_1_185' title='bbox 1530 3271 1535 3279; x_wconf 86' lang='grc'><strong>’</strong></span> 
     </span>
     <span class='ocr_line' id='line_1_22' title="bbox 353 3375 1460 3497; baseline -0.01 -22"><span class='ocrx_word' id='word_1_186' title='bbox 353 3446 356 3452; x_wconf 92' lang='grc'><strong>-</strong></span> <span class='ocrx_word' id='word_1_187' title='bbox 382 3406 507 3475; x_wconf 86' lang='lat' dir='ltr'>faeiunt</span> <span class='ocrx_word' id='word_1_188' title='bbox 523 3407 721 3497; x_wconf 89' lang='lat' dir='ltr'>quadratum</span> <span class='ocrx_word' id='word_1_189' title='bbox 740 3427 924 3474; x_wconf 89' lang='lat' dir='ltr'>numerum.</span> <span class='ocrx_word' id='word_1_190' title='bbox 941 3407 982 3472; x_wconf 83' lang='lat' dir='ltr'>Et</span> <span class='ocrx_word' id='word_1_191' title='bbox 993 3375 1168 3495; x_wconf 83' lang='lat' dir='ltr'>aggregaui</span> <span class='ocrx_word' id='word_1_192' title='bbox 1188 3402 1314 3471; x_wconf 88' lang='lat' dir='ltr'>radiees</span> <span class='ocrx_word' id='word_1_193' title='bbox 1327 3400 1460 3470; x_wconf 89' lang='lat' dir='ltr'>seeuudi</span> 
     </span>
     <span class='ocr_line' id='line_1_23' title="bbox 385 3530 1466 3622; baseline -0.007 -20"><span class='ocrx_word' id='word_1_194' title='bbox 385 3544 420 3602; x_wconf 90' lang='lat' dir='ltr'>et</span> <span class='ocrx_word' id='word_1_195' title='bbox 435 3533 534 3622; x_wconf 89' lang='lat' dir='ltr'>tertij‚</span> <span class='ocrx_word' id='word_1_196' title='bbox 557 3533 679 3601; x_wconf 87' lang='lat' dir='ltr'>scilieet</span> <span class='ocrx_word' id='word_1_197' title='bbox 698 3532 741 3600; x_wconf 77' lang='lat'>2⁴</span> <span class='ocrx_word' id='word_1_198' title='bbox 759 3542 792 3600; x_wconf 94' lang='lat' dir='ltr'>et</span> <span class='ocrx_word' id='word_1_199' title='bbox 811 3535 876 3610; x_wconf 87' lang='grc'>60,</span> <span class='ocrx_word' id='word_1_200' title='bbox 894 3532 1024 3601; x_wconf 82' lang='lat' dir='ltr'>fuerunt</span> <span class='ocrx_word' id='word_1_201' title='bbox 1044 3533 1097 3600; x_wconf 83' lang='lat'>8⁴.</span> <span class='ocrx_word' id='word_1_202' title='bbox 1113 3584 1121 3611; x_wconf 94' lang='lat'>,</span> <span class='ocrx_word' id='word_1_203' title='bbox 1140 3553 1204 3622; x_wconf 89' lang='lat' dir='ltr'>que</span> <span class='ocrx_word' id='word_1_204' title='bbox 1225 3530 1321 3598; x_wconf 91' lang='lat' dir='ltr'>diuisi</span> <span class='ocrx_word' id='word_1_205' title='bbox 1337 3550 1394 3619; x_wconf 91' lang='lat' dir='ltr'>per</span> <span class='ocrx_word' id='word_1_206' title='bbox 1414 3548 1466 3594; x_wconf 91' lang='lat' dir='ltr'>ra·</span> 
     </span>
     <span class='ocr_line' id='line_1_24' title="bbox 382 3658 1465 3751; baseline -0.003 -24"><span class='ocrx_word' id='word_1_207' title='bbox 382 3660 490 3728; x_wconf 85' lang='lat' dir='ltr'>dicem</span> <span class='ocrx_word' id='word_1_208' title='bbox 510 3661 604 3751; x_wconf 89' lang='lat' dir='ltr'>primj</span> <span class='ocrx_word' id='word_1_209' title='bbox 624 3658 796 3749; x_wconf 88' lang='lat' dir='ltr'>quadrati,</span> <span class='ocrx_word' id='word_1_210' title='bbox 815 3661 938 3728; x_wconf 84' lang='lat' dir='ltr'>seilicet</span> <span class='ocrx_word' id='word_1_211' title='bbox 959 3682 1015 3750; x_wconf 89' lang='lat' dir='ltr'>per</span> <span class='ocrx_word' id='word_1_212' title='bbox 1035 3663 1077 3740; x_wconf 82' lang='lat'>7,</span> <span class='ocrx_word' id='word_1_213' title='bbox 1097 3671 1130 3728; x_wconf 93' lang='lat' dir='ltr'>et</span> <span class='ocrx_word' id='word_1_214' title='bbox 1153 3671 1325 3727; x_wconf 90' lang='lat' dir='ltr'>uenerunt.</span> <span class='ocrx_word' id='word_1_215' title='bbox 1344 3661 1410 3735; x_wconf 71' lang='lat'>⁴2,</span> <span class='ocrx_word' id='word_1_216' title='bbox 1432 3669 1465 3725; x_wconf 92' lang='lat' dir='ltr'>et</span> 
     </span>
     <span class='ocr_line' id='line_1_25' title="bbox 383 3762 1465 3880; baseline -0.002 -24"><span class='ocrx_word' id='word_1_217' title='bbox 383 3800 519 3880; x_wconf 86' lang='lat' dir='ltr'>propter</span> <span class='ocrx_word' id='word_1_218' title='bbox 535 3789 599 3856; x_wconf 87' lang='lat' dir='ltr'>hoo</span> <span class='ocrx_word' id='word_1_219' title='bbox 609 3789 753 3879; x_wconf 92' lang='lat' dir='ltr'>oportuit</span> <span class='ocrx_word' id='word_1_220' title='bbox 768 3810 820 3857; x_wconf 91' lang='lat' dir='ltr'>me</span> <span class='ocrx_word' id='word_1_221' title='bbox 837 3789 983 3857; x_wconf 88' lang='lat' dir='ltr'>inuenire</span> <span class='ocrx_word' id='word_1_222' title='bbox 1002 3762 1199 3880; x_wconf 89' lang='lat' dir='ltr'>quadratum</span> <span class='ocrx_word' id='word_1_223' title='bbox 1218 3809 1407 3861; x_wconf 86' lang='lat' dir='ltr'>numerum,</span> <span class='ocrx_word' id='word_1_224' title='bbox 1424 3784 1465 3854; x_wconf 89' lang='lat' dir='ltr'>de</span> 
     </span>
     <span class='ocr_line' id='line_1_26' title="bbox 383 3917 1466 4010; baseline -0.009 -22"><span class='ocrx_word' id='word_1_225' title='bbox 383 3940 550 4010; x_wconf 85' lang='lat' dir='ltr'>quocum</span> <span class='ocrx_word' id='word_1_226' title='bbox 573 3918 729 3987; x_wconf 85' lang='lat' dir='ltr'>tollerem.</span> <span class='ocrx_word' id='word_1_227' title='bbox 753 3920 796 3986; x_wconf 74' lang='grc'>62</span> <span class='ocrx_word' id='word_1_228' title='bbox 813 3971 815 3976; x_wconf 44' lang='lat'><em>2</em></span> <span class='ocrx_word' id='word_1_229' title='bbox 830 3917 955 3986; x_wconf 88' lang='lat' dir='ltr'>radiues</span> <span class='ocrx_word' id='word_1_230' title='bbox 978 3918 1070 3996; x_wconf 77' lang='lat' dir='ltr'>eiua,</span> <span class='ocrx_word' id='word_1_231' title='bbox 1096 3926 1277 3985; x_wconf 87' lang='lat' dir='ltr'>remaneret</span> <span class='ocrx_word' id='word_1_232' title='bbox 1311 3931 1466 3981; x_wconf 86' lang='lat' dir='ltr'>numerus</span> 
     </span>
     <span class='ocr_line' id='line_1_27' title="bbox 382 4037 1466 4134; baseline -0.008 -22"><span class='ocrx_word' id='word_1_233' title='bbox 382 4047 489 4116; x_wconf 83' lang='lat' dir='ltr'>factus</span> <span class='ocrx_word' id='word_1_234' title='bbox 511 4067 551 4115; x_wconf 87' lang='lat' dir='ltr'>ex</span> <span class='ocrx_word' id='word_1_235' title='bbox 573 4045 703 4113; x_wconf 93' lang='lat' dir='ltr'>duobus</span> <span class='ocrx_word' id='word_1_236' title='bbox 726 4045 869 4113; x_wconf 88' lang='lat' dir='ltr'>numeris</span> <span class='ocrx_word' id='word_1_237' title='bbox 893 4044 1098 4134; x_wconf 87' lang='lat' dir='ltr'>inequalibus</span> <span class='ocrx_word' id='word_1_238' title='bbox 1115 4063 1276 4132; x_wconf 88' lang='lat' dir='ltr'>,quorum</span> <span class='ocrx_word' id='word_1_239' title='bbox 1301 4060 1385 4107; x_wconf 91' lang='lat' dir='ltr'>unus</span> <span class='ocrx_word' id='word_1_240' title='bbox 1408 4037 1466 4105; x_wconf 89' lang='lat' dir='ltr'>ad-</span> 
     </span>
     <span class='ocr_line' id='line_1_28' title="bbox 385 4165 1466 4269; baseline -0.012 -29"><span class='ocrx_word' id='word_1_241' title='bbox 385 4174 487 4241; x_wconf 89' lang='lat' dir='ltr'>deret.</span> <span class='ocrx_word' id='word_1_242' title='bbox 504 4177 536 4241; x_wconf 88' lang='lat'>⁴.</span> <span class='ocrx_word' id='word_1_243' title='bbox 552 4193 650 4261; x_wconf 89' lang='lat' dir='ltr'>super</span> <span class='ocrx_word' id='word_1_244' title='bbox 665 4170 775 4238; x_wconf 91' lang='lat' dir='ltr'>alium.</span> <span class='ocrx_word' id='word_1_245' title='bbox 795 4169 885 4239; x_wconf 91' lang='lat' dir='ltr'>Vnde</span> <span class='ocrx_word' id='word_1_246' title='bbox 902 4173 1023 4260; x_wconf 79' lang='lat' dir='ltr'>accepi.</span> <span class='ocrx_word' id='word_1_247' title='bbox 1043 4170 1111 4247; x_wconf 81' lang='lat'>⁴3,</span> <span class='ocrx_word' id='word_1_248' title='bbox 1127 4180 1160 4237; x_wconf 87' lang='lat' dir='ltr'>et</span> <span class='ocrx_word' id='word_1_249' title='bbox 1176 4168 1277 4269; x_wconf 89' lang='lat' dir='ltr'>diuisi</span> <span class='ocrx_word' id='word_1_250' title='bbox 1302 4167 1408 4256; x_wconf 92' lang='lat' dir='ltr'>ipsum</span> <span class='ocrx_word' id='word_1_251' title='bbox 1432 4165 1466 4228; x_wconf 93' lang='lat' dir='ltr'>iu</span> 
     </span>
     <span class='ocr_line' id='line_1_29' title="bbox 387 4290 1469 4390; baseline -0.012 -22"><span class='ocrx_word' id='word_1_252' title='bbox 387 4310 497 4390; x_wconf 85' lang='lat' dir='ltr'>partes</span> <span class='ocrx_word' id='word_1_253' title='bbox 521 4299 709 4375; x_wconf 83' lang='lat' dir='ltr'>continuas,</span> <span class='ocrx_word' id='word_1_254' title='bbox 727 4299 850 4366; x_wconf 84' lang='lat' dir='ltr'>sci⁴ioet</span> <span class='ocrx_word' id='word_1_255' title='bbox 874 4299 916 4364; x_wconf 92' lang='lat' dir='ltr'>in.</span> <span class='ocrx_word' id='word_1_256' title='bbox 936 4300 967 4363; x_wconf 92' lang='grc'>6.</span> <span class='ocrx_word' id='word_1_257' title='bbox 991 4306 1024 4365; x_wconf 88' lang='grc' dir='ltr'>θῖ</span> <span class='ocrx_word' id='word_1_258' title='bbox 1048 4297 1078 4362; x_wconf 83' lang='lat'>7.</span> <span class='ocrx_word' id='word_1_259' title='bbox 1099 4317 1164 4384; x_wconf 90' lang='lat' dir='ltr'>que</span> <span class='ocrx_word' id='word_1_260' title='bbox 1183 4291 1396 4382; x_wconf 88' lang='lat' dir='ltr'>multiplioaui</span> <span class='ocrx_word' id='word_1_261' title='bbox 1421 4290 1469 4355; x_wconf 91' lang='lat' dir='ltr'>in·</span> 
     </span>
     <span class='ocr_line' id='line_1_30' title="bbox 386 4420 1468 4514; baseline -0.009 -18"><span class='ocrx_word' id='word_1_262' title='bbox 386 4429 498 4507; x_wconf 92' lang='lat' dir='ltr'>simul,</span> <span class='ocrx_word' id='word_1_263' title='bbox 514 4439 547 4496; x_wconf 90' lang='lat' dir='ltr'>et</span> <span class='ocrx_word' id='word_1_264' title='bbox 564 4427 695 4495; x_wconf 77' lang='lat' dir='ltr'>filerunt</span> <span class='ocrx_word' id='word_1_265' title='bbox 713 4428 783 4494; x_wconf 78' lang='lat'>⁴2..</span> <span class='ocrx_word' id='word_1_266' title='bbox 801 4437 834 4493; x_wconf 88' lang='lat' dir='ltr'>et</span> <span class='ocrx_word' id='word_1_267' title='bbox 852 4426 998 4514; x_wconf 89' lang='lat' dir='ltr'>oportuit</span> <span class='ocrx_word' id='word_1_268' title='bbox 1019 4446 1070 4492; x_wconf 93' lang='lat' dir='ltr'>me</span> <span class='ocrx_word' id='word_1_269' title='bbox 1087 4423 1232 4490; x_wconf 91' lang='lat' dir='ltr'>inuenire</span> <span class='ocrx_word' id='word_1_270' title='bbox 1246 4420 1468 4512; x_wconf 88' lang='lat' dir='ltr'>quadratum,</span> 
     </span>
     <span class='ocr_line' id='line_1_31' title="bbox 386 4546 1467 4641; baseline -0.011 -16"><span class='ocrx_word' id='word_1_271' title='bbox 386 4557 483 4625; x_wconf 89' lang='lat' dir='ltr'>euius</span> <span class='ocrx_word' id='word_1_272' title='bbox 506 4558 559 4624; x_wconf 88' lang='lat'>⁴3.</span> <span class='ocrx_word' id='word_1_273' title='bbox 572 4553 697 4622; x_wconf 83' lang='lat' dir='ltr'>radices</span> <span class='ocrx_word' id='word_1_274' title='bbox 718 4556 834 4620; x_wconf 91' lang='lat' dir='ltr'>miuus.</span> <span class='ocrx_word' id='word_1_275' title='bbox 849 4553 903 4621; x_wconf 77' lang='grc'>62.</span> <span class='ocrx_word' id='word_1_276' title='bbox 918 4552 1062 4641; x_wconf 87' lang='lat' dir='ltr'>dragmis</span> <span class='ocrx_word' id='word_1_277' title='bbox 1075 4602 1083 4630; x_wconf 89' lang='lat'>,</span> <span class='ocrx_word' id='word_1_278' title='bbox 1095 4559 1279 4640; x_wconf 86' lang='lat' dir='ltr'>equaretur.</span> <span class='ocrx_word' id='word_1_279' title='bbox 1292 4550 1335 4616; x_wconf 77' lang='lat'>⁴2</span> <span class='ocrx_word' id='word_1_280' title='bbox 1351 4546 1467 4630; x_wconf 81' lang='lat' dir='ltr'>radici·</span> 
     </span>
     <span class='ocr_line' id='line_1_32' title="bbox 1191 4696 1235 4746; baseline 0.023 -1"><span class='ocrx_word' id='word_1_281' title='bbox 1191 4696 1235 4746; x_wconf 81' lang='lat' dir='ltr'>tu*</span> 
     </span>
    </p>
   </div>
   <div class='ocr_carea' id='block_1_7' title="bbox 0 0 2097 5792">
    <p class='ocr_par' dir='ltr' id='par_1_9' title="bbox 0 0 2097 5792">
     <span class='ocr_line' id='line_1_33' title="bbox 0 0 2097 5792; baseline 0 0"><span class='ocrx_word' id='word_1_282' title='bbox 0 0 2097 5792; x_wconf 95' lang='lat' dir='ltr'> </span> 
     </span>
    </p>
   </div>
  </div>
 </body>
</html>
