4175 5792
1476 716 1539 782 000

459 855 624 922 usuarios.
645 859 698 946 00.
710 867 742 922 00
753 856 935 944 quadratus
950 860 1007 947 qui
1025 859 1062 928 lit
1075 863 1094 925 0
1108 859 1184 934 .33.,
1197 859 1327 925 scilicet.
1342 860 1440 925 0080.
1451 858 1543 924 addit

461 1000 572 1068 super.
594 982 672 1047 000.
684 954 890 1049 ncueuarios.
909 985 962 1050 20.
980 985 1075 1052 etsie
1091 985 1256 1073 proportio
1272 983 1465 1068 differentia,
1479 1006 1544 1074 que

461 1121 512 1176 est
535 1111 619 1177 inter
642 1110 706 1177 729
729 1120 762 1176 00
785 1111 861 1176 000.
886 1112 1105 1195 scilicet-lll.
1126 1111 1233 1178 estad
1253 1111 1546 1199 differentiamque

459 1248 511 1306 est
531 1237 537 1323 Ι
556 1236 640 1304 inter
662 1239 727 1302 000
763 1247 796 1305 00
829 1240 935 1314 0080,
955 1238 1078 1306 scilicet
1098 1237 1139 1304 ad
1158 1242 1245 1315 080,
1264 1239 1348 1306 sicut
1367 1242 1409 1305 00
1430 1237 1471 1304 00
1490 1242 1543 1315 20,
1565 1249 1696 1296 olm·

461 1360 527 1429 hoc
550 1362 721 1442 uolumus;
745 1361 833 1450 quod
856 1365 954 1431 etiam
978 1365 1160 1432 inuenietur
1179 1365 1262 1433 inter
1279 1362 1470 1452 quadratos,
1486 1366 1543 1453 qui

464 1488 549 1555 liunt
571 1501 590 1558 0
613 1490 757 1556 numeris
779 1490 1030 1558 ascendentibus
1054 1512 1111 1580 per
1125 1492 1369 1579 quaternarium
1384 1541 1391 1566 ,
1406 1490 1459 1557 uel
1474 1491 1545 1580 qui-

462 1617 614 1693 narium,
637 1617 692 1684 uel
715 1638 774 1705 per
797 1617 898 1684 alium
921 1617 1099 1706 quemlibet
1121 1638 1304 1684 nnmerum.

530 1747 577 1812 Er
598 1746 626 1812 si
645 1745 814 1833 proportio
832 1744 973 1813 duarum
992 1744 1271 1822 differentiarum,
1287 1756 1445 1834 quesunt
1464 1743 1546 1811 inter

464 1879 531 1937 tres
549 1870 743 1959 quadratos,
763 1870 858 1938 00000
876 1872 961 1937 00000
975 1871 1093 1959 aliquis
1110 1871 1291 1958 quadratus
1306 1891 1326 1936 0
1341 1870 1382 1936 00
1404 1870 1546 1959 aliquem

464 1998 667 2088 quadratum
680 2001 713 2075 0,
729 1998 865 2065 uoluero
878 1999 965 2087 ipsos
980 2009 1045 2066 tres
1063 1998 1242 2086 quadratos
1254 1999 1408 2065 inuenire.
1425 1999 1547 2065 Ponam

462 2147 639 2195 numerum
661 2148 677 2191 0
703 2123 746 2217 (l)
775 2124 917 2193 medium
941 2127 1024 2194 inter
1039 2148 1060 2194 o
1075 2129 1092 2192 0
1108 2127 1141 2193 in
1160 2126 1369 2216 proportione
1392 2126 1546 2191 continua

463 2275 541 2322 cum
560 2253 722 2343 possibile.
739 2253 835 2330 Quia,
854 2264 891 2320 00
907 2253 940 2318 in
956 2253 1091 2320 Euclide
1107 2252 1263 2330 habetur,
1279 2254 1362 2319 inter
1375 2251 1457 2319 duos
1468 2272 1548 2341 qoa-

464 2382 579 2450 dratos
602 2400 756 2448 numeros
779 2402 865 2449 unus
889 2379 1015 2447 medius
1038 2379 1201 2446 intercidit
1223 2345 1394 2457 numerus,
1417 2390 1450 2446 et
1473 2398 1547 2468 pro-

464 2511 634 2580 creabitur
653 2530 811 2577 numorus
828 2532 845 2577 0
861 2532 899 2577 ex
917 2508 1187 2596 multiplicatione
1207 2508 1324 2575 radicis
1339 2508 1464 2575 numeri
1479 2528 1498 2573 o
1515 2507 1546 2570 in

464 2637 611 2704 radicem
626 2636 753 2703 numeri
774 2639 807 2711 0,
828 2645 859 2702 00
878 2637 939 2703 erit
957 2637 1042 2703 sicut
1062 2657 1082 2701 0
1100 2634 1142 2701 00
1159 2655 1189 2711 0,
1208 2635 1285 2701 itae
1303 2633 1345 2701 00
1363 2637 1393 2710 0,
1412 2643 1445 2701 00
1463 2633 1548 2699 sicut

465 2776 550 2832 0000
564 2764 606 2831 00
623 2763 813 2841 nitroso
831 2761 922 2838 000,
939 2773 971 2830 00
989 2772 1086 2829 erunt
1101 2762 1229 2829 numeri
1244 2784 1278 2839 0,
1296 2784 1328 2840 0,
1343 2761 1374 2839 0,
1394 2764 1426 2837 0,
1446 2761 1549 2828 conti·

467 2914 533 2960 nue
556 2890 835 2981 proportionales,
860 2909 962 2978 quare
984 2891 1045 2955 erit
1068 2891 1153 2956 sicut
1174 2913 1196 2959 0
1217 2890 1259 2955 00
1279 2893 1319 2964 0,
1342 2891 1388 2955 ita
1409 2911 1425 2954 0
1447 2889 1489 2956 ad
1509 2892 1549 2966 0,

466 3032 502 3089 00
524 3020 568 3086 sit
589 3017 772 3107 quadratus
791 3015 918 3082 numeri
937 3037 957 3082 a
979 3037 1136 3084 uumerus
1152 3039 1167 3082 e
1184 3018 1213 3104 s,
1235 3027 1268 3084 00
1289 3015 1470 3105 quadratus
1491 3036 1550 3080 nu·

466 3147 550 3214 meri
573 3168 603 3224 0,
618 3165 775 3212 uumerus
790 3166 806 3210 0
820 3167 850 3228 9.
867 3143 1004 3231 Insuper
1019 3152 1052 3209 et
1066 3142 1247 3230 quadratus
1261 3146 1387 3212 numeri
1406 3145 1424 3210 0
1439 3166 1551 3212 nume-

467 3294 525 3340 rus
547 3294 562 3338 0
586 3277 620 3350 0,
643 3271 717 3338 dico
740 3270 952 3345 differentias,
973 3291 1037 3358 que
1059 3279 1135 3336 sunt
1151 3271 1236 3335 inter
1250 3270 1429 3359 quadratos
1443 3294 1459 3337 0
1475 3272 1501 3359 s,
1514 3239 1551 3338 00

464 3423 530 3486 eq,
548 3409 581 3468 00
596 3422 612 3466 0
629 3399 662 3475 0,
678 3400 801 3466 scilicet
817 3399 943 3465 numeri
958 3399 1019 3486 [0,
1035 3408 1068 3464 00
1082 3420 1100 3478 p
1117 3404 1152 3472 0,
1171 3399 1414 3486 proportionem
1429 3398 1549 3465 habere

466 3527 511 3595 00
538 3550 574 3596 00
597 3529 739 3595 inuicem
762 3534 856 3602 caui,
880 3548 979 3616 quam
1014 3526 1113 3594 habet
1146 3526 1326 3631 0000000000
1351 3548 1549 3631 numerusn

463 3655 508 3723 ad
530 3654 729 3745 quadratum
752 3675 926 3721 numerum
951 3655 990 3730 0,
1014 3654 1104 3743 quod
1128 3657 1174 3722 sic
1197 3657 1363 3744 probatur.
1387 3657 1546 3734 Quoniam

467 3784 596 3851 numeri
620 3804 662 3858 0,
686 3805 724 3859 0,
749 3786 767 3848 0
790 3783 944 3848 continno
967 3782 1225 3871 proportionales
1242 3793 1337 3859 sunt,
1360 3794 1410 3850 est
1428 3784 1548 3849 000000

466 3913 595 3999 primus
618 3910 660 3977 ad
678 3914 703 3976 -0
729 3912 884 3985 tertium,
907 3911 953 3976 ita
975 3908 1156 3999 quadratus
1179 3911 1305 3977 numeri
1327 3931 1347 3976 0
1370 3909 1485 3998 primi,
1509 3906 1551 3974 ad

468 4039 669 4127 quadratum
694 4040 821 4106 numeri
856 4061 872 4104 0
906 4036 1062 4114 secundi,
1094 4046 1130 4103 00
1164 4038 1197 4101 in
1229 4036 1404 4126 geometria
1440 4045 1551 4123 aperte

469 4176 688 4232 monstratum
706 4174 765 4232 est.
781 4167 839 4231 Est
855 4145 941 4232 enim
955 4163 1137 4252 quadratus
1152 4154 1279 4228 n'umeri
1294 4183 1315 4228 0
1330 4182 1484 4228 numerus
1499 4182 1514 4225 0
1527 4160 1550 4247 s,

468 4303 501 4360 00
523 4291 706 4382 quadratus
729 4294 857 4359 numeri
874 4315 889 4360 0
907 4313 1062 4359 numerus
1078 4313 1094 4357 0
1110 4315 1145 4374 p,
1164 4309 1241 4378 ergo
1257 4298 1305 4355 000
1320 4287 1404 4353 sicut
1420 4307 1440 4352 o
1456 4285 1498 4351 ad
1519 4288 1550 4362 0,

469 4422 514 4487 ita
537 4442 731 4487 numerose
753 4420 831 4507 fad
854 4441 1028 4487 numerum
1051 4441 1066 4484 0
1087 4441 1117 4506 p.
1147 4419 1270 4483 Rursus
1303 4414 1459 4503 quoniam
1493 4435 1552 4478 nu-

472 4551 552 4616 meri
574 4572 612 4625 0,
636 4551 674 4623 0,
698 4549 720 4613 0
740 4550 893 4614 continue
917 4546 1196 4636 proportionales,
1218 4553 1266 4610 est
1289 4544 1373 4609 sicut
1395 4565 1411 4608 0
1434 4539 1474 4607 00
1508 4541 1549 4615 0,

546 4715 581 4773 (ll
598 4713 662 4763 Veni
679 4712 731 4775 th.
748 4713 787 4764 30.
