4175 5792
520 694 563 760 38

517 840 555 902 et'
572 837 650 903 alias
667 839 711 921 ἧς
734 834 892 903 habuerat
916 841 935 902 a
963 837 1088 925 primo,
1112 835 1233 924 quibus
1252 839 1297 921 ,⁷3⁷0
1320 833 1437 901 additis
1470 855 1549 902 cum
1572 835 1603 913 ἐ,

516 984 656 1039 summe,
675 985 740 1053 que
755 973 953 1031 remanserat
973 965 1078 1052 primo
1100 963 1222 1029 bomini
1243 974 1316 1052 post
1332 962 1602 1052 duplicationem,

516 1112 616 1179 quam
635 1088 753 1157 lecerat
775 1089 933 1165 secundo,
957 1100 1053 1157 erunt
1075 1094 1118 1175 ἕξ,
1149 1109 1208 1178 pro
1238 1110 1278 1157 eo
1313 1090 1399 1179 quod
1422 1091 1510 1178 cepit
1534 1090 1602 1178 pri-

516 1238 589 1282 mus
611 1213 718 1282 bomo.
744 1215 831 1283 Vnde
853 1217 880 1282 si
903 1238 1067 1281 summam
1086 1217 1237 1305 ponimus
1252 1238 1322 1283 esse
1338 1217 1414 1291 240,
1438 1218 1500 1282 erit
1520 1215 1601 1282 illud

516 1339 604 1431 quod
620 1342 759 1430 sumpsit
779 1343 904 1430 primus
920 1345 979 1420 89,
995 1353 1027 1409 et
1044 1342 1123 1409 illud
1143 1342 1231 1432 quod
1251 1343 1337 1432 cepit
1360 1342 1524 1410 moundus
1543 1344 1601 1420 77,

516 1480 548 1536 et
571 1468 648 1535 illud
675 1468 764 1558 quod
788 1470 872 1557 cepit
895 1470 1010 1536 tertius
1033 1469 1090 1544 47,
1114 1481 1146 1535 et
1174 1467 1252 1535 illud
1275 1468 1364 1558 quod
1388 1470 1474 1557 cepit
1500 1491 1600 1558 quar-

517 1607 570 1663 tus
593 1598 652 1672 27,
674 1596 845 1676 sciliceta}
868 1594 908 1663 de
931 1596 1085 1684 bizantijs
1107 1597 1182 1664 240.
1208 1599 1248 1663 Et
1272 1603 1298 1663 si
1329 1595 1453 1663 dictum
1483 1596 1603 1673 luerit,

516 1721 603 1811 quod
629 1722 753 1810 primus
781 1721 879 1789 homo
903 1722 943 1790 de
967 1723 1030 1790 hoc
1054 1722 1143 1813 quod
1167 1723 1253 1811 cepit
1274 1722 1456 1811 duplicauit
1484 1741 1600 1791 omnes

517 1848 714 1936 quantitates
738 1847 875 1914 aliorum
900 1850 1008 1915 trium.
1032 1850 1073 1913 Et
1095 1846 1259 1915 secundus
1274 1857 1347 1935 post
1367 1847 1470 1935 ipsam
1490 1847 1598 1936 dupli-

516 1974 676 2041 cationem
701 1977 876 2064 triplieauit
899 1979 1009 2044 omnia
1038 1998 1103 2064 que
1126 1974 1291 2042 habebant
1312 1974 1425 2063 reliqui
1454 1987 1541 2053 tres,
1564 1987 1598 2041 et

517 2112 590 2188 post
613 2103 716 2189 ipsam
746 2103 994 2193 triplicationem
1029 2104 1143 2169 tertius
1176 2101 1441 2191 quadruplicauit
1462 2122 1502 2170 ea
1535 2124 1599 2192 que

517 2227 681 2296 habebant
704 2231 819 2320 reliqui
843 2241 906 2299 tres
930 2229 1088 2299 homines.
1113 2232 1155 2296 Er
1177 2229 1218 2296 ad
1241 2228 1438 2296 extremum¹
1456 2243 1596 2320 quartus

518 2354 615 2422 homo
637 2358 895 2447 quincuplicauit
917 2378 1030 2426 ornnes
1050 2357 1247 2446 quantitates
1265 2377 1347 2447 quas
1364 2355 1532 2425 habebant
1552 2379 1599 2426 re-

520 2480 598 2569 liqui
625 2492 703 2558 tres‚
729 2494 762 2549 et
793 2484 840 2550 sic
876 2483 991 2550 habuit
1025 2484 1251 2573 unusquisque
1279 2494 1429 2572 quartam
1468 2495 1597 2572 partem

517 2610 617 2677 totius
639 2631 795 2678 summae.
821 2613 943 2678 Ponam
967 2633 1033 2678 rem
1059 2632 1129 2677 esse
1154 2609 1320 2678 residuum
1343 2610 1433 2699 quod
1469 2632 1598 2677 reman-

517 2736 558 2801 sit
581 2737 687 2824 primo
710 2734 832 2803 homini
856 2749 928 2826 post
950 2736 1205 2825 duplicationem
1224 2759 1324 2826 quam
1350 2737 1424 2805 lecit
1448 2737 1597 2827 reliquis,

517 2873 550 2927 et
571 2861 741 2950 triplicabo
762 2864 849 2930 illam
869 2863 937 2930 rem
957 2885 1016 2953 pro
1032 2865 1247 2954 triplicatione
1264 2887 1347 2955 quas
1369 2867 1432 2933 sibi
1450 2866 1526 2934 lecit
1548 2888 1598 2934 se-

517 2987 644 3055 cundus
666 2987 779 3068 bomo,
803 3002 835 3056 et
852 3002 949 3058 erunt
976 3012 1026 3058 res
1045 3001 1122 3069 treS,
1142 3013 1224 3080 quas
1253 2993 1513 3083 quadruplicabo
1538 3013 1597 3083 pro

517 3116 821 3206 quadruplicatione
835 3139 935 3207 quam
948 3117 1022 3185 lecit
1036 3120 1065 3186 ei
1078 3120 1192 3186 tertius
1205 3118 1319 3196 homo,
1337 3123 1469 3188 uenient
1489 3143 1540 3189 res
1553 3123 1596 3189 la

515 3243 636 3332 quibus
650 3254 682 3311 et
697 3243 918 3332 multiplicatis
932 3265 989 3333 per
1002 3247 1035 3321 5,
1054 3265 1112 3333 pro
1129 3246 1394 3335 quincuplatione
1409 3268 1507 3335 quam
1523 3247 1598 3315 lecit

516 3385 653 3460 quartus
676 3371 787 3449 homo,
812 3385 906 3440 erunt
930 3395 980 3440 res
1004 3376 1061 3448 60,
1077 3395 1140 3461 que
1158 3384 1233 3439 sunt
1252 3385 1370 3462 quarta
1389 3376 1489 3441 totius
1505 3396 1596 3441 sum·

518 3517 604 3571 mae,
628 3519 703 3564 cum
717 3510 919 3588 proponatur
934 3523 1037 3567 unum
1056 3522 1220 3590 quemque
1240 3498 1409 3577 habuisse,
1430 3512 1502 3589 post
1522 3523 1596 3589 pre-

517 3621 620 3688 dictas
641 3625 909 3713 multiplicitates,
928 3639 1078 3714 quartam
1099 3638 1233 3716 partem.
1247 3628 1354 3705 Quare
1372 3628 1598 3717 multiplicabo

519 3751 562 3814 60
586 3772 635 3816 res
658 3772 715 3838 per
740 3752 773 3828 4,
794 3762 825 3818 et
845 3750 973 3820 habebo
992 3775 1043 3849 res·
1060 3755 1124 3820 240
1144 3773 1203 3842 pro
1222 3774 1351 3819 summa
1375 3752 1596 3821 bizantiorum

516 3885 580 3941 1111⁰¹
590 3876 896 3946 horninumDeinde
909 3901 1028 3968 ponam
1041 3880 1082 3946 ad
1096 3881 1224 3947 libitum
1238 3902 1305 3946 rern
1317 3902 1388 3947 esse
1398 3880 1597 3959 bizantiosll,

516 4005 622 4071 eterit
639 4015 706 4070 tota
718 4027 845 4072 summa
859 4007 936 4082 480,
952 4006 992 4073 de
1003 4007 1125 4095 quibus
1135 4008 1305 4074 extraham
1319 4007 1477 4074 bizantios
1489 4008 1509 4074 2
1523 4028 1597 4096 pre·

516 4131 669 4219 scriptos,
701 4131 916 4199 remanebunt
939 4133 1071 4220 bizantij
1098 4135 1183 4210 478,
1207 4136 1263 4223 qui
1287 4151 1364 4202 sunt
1387 4135 1524 4225 duplum
1547 4136 1598 4203 bi-

517 4260 699 4325 zantiorum
713 4259 846 4327 secundi
859 4271 891 4326 ot
910 4261 993 4347 tertij
1011 4272 1043 4328 et
1054 4263 1162 4350 quarti
1179 4262 1376 4342 hominis,et
1388 4264 1596 4332 medietatem

518 4404 631 4451 eorum
655 4385 841 4454 habuerunt
863 4411 903 4456 ex
921 4388 1141 4476 duplicatione
1159 4410 1258 4477 quam
1280 4390 1397 4458 lecerat
1416 4391 1445 4457 ei
1470 4390 1599 4478 primus

521 4509 626 4578 homo.
643 4513 750 4591 Quare
767 4519 792 4581 si
814 4517 1019 4584 medietatem
1039 4517 1079 4584 de
1098 4518 1177 4596 478,
1196 4539 1260 4606 que
1277 4527 1325 4585 est
1341 4518 1416 4591 239,
1434 4514 1598 4586 addamus
