4175 5792
611 709 675 775 ⁴22

607 854 669 922 bus
687 851 854 926 eiusdem,
873 861 905 919 et
920 851 1063 942 processi
1088 859 1198 938 postea
1216 848 1364 938 predicto
1385 850 1499 918 ordine
1520 861 1574 926 ,et
1595 849 1696 918 hebui

605 999 759 1050 numeros
777 978 1035 1069 suprascriptos,
1055 999 1095 1046 ex
1118 976 1241 1066 quibus
1259 979 1362 1045 etiam
1391 978 1564 1068 quadratis
1587 979 1696 1066 inncnj

583 1106 859 1195 ,bonoliostren
882 1123 1057 1181 numeros,
1080 1103 1242 1186 scilicet}
1269 1107 1391 1182 t0,et
1414 1104 1481 1182 di,
1504 1107 1702 1174 66469166

606 1255 672 1303 non
694 1234 801 1302 solum
823 1253 882 1324 per
904 1232 993 1299 huno
1017 1230 1153 1299 modum
1179 1244 1245 1300 tros
1273 1235 1402 1302 numeri
1427 1233 1566 1302 diuersis
1589 1233 1700 1301 modis

535 1377 541 1388 ’
607 1373 744 1452 possunt
777 1361 938 1450 inueniri,
975 1361 1032 1428 sed
1076 1362 1175 1429 etiem
1215 1361 1424 1430 inuenientur
1456 1371 1600 1452 quotuor
1624 1380 1703 1429 cnm

608 1500 751 1579 quotuor
774 1489 921 1556 numeris
939 1489 1287 1579 quadratis‚quornm
1306 1490 1373 1558 duo
1393 1511 1452 1579 per
1472 1489 1644 1566 ordinem,
1668 1502 1700 1557 et

554 1628 580 1656 ⁶⁰·
608 1627 694 1693 tres,
720 1637 780 1684 nec
804 1637 868 1683 non
891 1627 923 1684 et
954 1636 1069 1684 omnes
1095 1618 1192 1684 simui
1220 1619 1385 1685 coniuncti
1415 1621 1422 1707 Ι
1453 1618 1587 1685 fecerint
1616 1639 1701 1707 qna-

607 1743 739 1810 dratnm
763 1762 945 1810 numerum.
966 1745 1035 1833 Ego
1056 1755 1168 1811 entem
1189 1764 1265 1811 cum
1290 1743 1342 1812 his
1364 1758 1507 1835 quatuor
1529 1745 1703 1835 quadratis

609 1870 774 1947 numeris,
805 1870 928 1937 scilicet
961 1884 1611 1941 cnm....et.,..et....et·...
1644 1873 1702 1965 (i).

612 1997 725 2064 Inueni
755 1996 815 2064 hos
838 2008 987 2098 quotuor.
1005 2016 1183 2074 numeros,
1209 2018 1352 2087 quornm
1375 1969 1501 2087 prirnns
1521 2010 1575 2068 cst
1592 2001 1704 2076 4296,

608 2123 771 2193 secundus
787 2128 804 2207 ξ
820 2125 923 2200 6666,
943 2123 1061 2191 tertius
1072 2121 1182 2205 tritt
1193 2126 1230 2202 7,
1247 2136 1387 2215 quartus
1401 2145 1481 2195 nero
1496 2140 1547 2194 est
1564 2127 1718 2204 79920.‚‘

610 2263 643 2319 et
666 2272 783 2320 eornm
807 2252 994 2342 aggregatio
1014 2263 1064 2318 est
1086 2251 1145 2318 977
1154 2253 1207 2318 99.
1231 2253 1335 2343 Super
1352 2273 1419 2343 quo
1437 2274 1574 2322 nurnero
1593 2256 1621 2323 si
1642 2255 1703 2322 ad-

612 2377 711 2447 datur
750 2379 935 2468 quadratus
968 2379 1065 2469 prirnj
1101 2382 1250 2456 numeri,
1284 2380 1408 2448 scilicet
1441 2382 1618 2460 4677696,
1645 2405 1703 2451 vc·

611 2509 700 2574 nient
725 2509 904 2582 4776226,
924 2510 981 2597 qni
1005 2527 1163 2575 numerus
1183 2505 1366 2596 quadratus
1387 2519 1436 2575 eet
1450 2559 1457 2584 ,
1469 2520 1503 2575 et
1519 2510 1592 2577 eius
1608 2509 1704 2577 rndix

612 2649 663 2704 est
688 2637 787 2703 ⁴332.
812 2637 916 2724 Super
936 2657 1003 2724 quo
1025 2636 1125 2702 etiam
1148 2633 1310 2722 quadrato
1349 2634 1393 2727 (9)

681 2895 714 2951 (ti
730 2892 766 2942 Lo
780 2896 883 2954 quattro
910 2891 1123 2949 lacuncindicato
1140 2907 1188 2945 con
1205 2895 1276 2956 pnnti
1303 2895 1371 2945 nolin
1389 2895 1457 2944 lineo
1472 2908 1539 2946 nona
1554 2896 1581 2946 di
1598 2903 1693 2959 questo

621 2994 708 3056 pagine
719 3031 726 3055 ‚
743 2994 854 3044 trovonsi
868 2995 910 3044 nel
927 2995 1042 3044 rovescio
1058 2995 1127 3046 dello
1141 2999 1211 3044 carta
1221 2993 1252 3043 39
1262 2994 1304 3044 del
1315 2993 1410 3044 Codice
1421 2996 1586 3077 Ambrosinno
1596 3035 1603 3059 ‚
1618 2999 1651 3050 tt.
1659 2998 1693 3048 76

619 3095 695 3145 Parte
707 3097 839 3158 monitore.
902 3078 905 3085 ’

531 3259 535 3267 ¹
682 3196 718 3259 (2)
735 3197 769 3248 Lo
785 3201 856 3257 nerto
871 3198 958 3250 scritto
973 3198 1015 3249 del
1031 3201 1148 3250 rovescio
1163 3199 1230 3250 della
1240 3204 1309 3249 carta
1321 3198 1352 3248 39
1362 3199 1403 3249 det
1416 3198 1510 3250 Codice
1520 3200 1690 3252 Ambroeinno

620 3295 650 3345 Ε.
669 3296 717 3357 76,
734 3295 810 3346 Porto
825 3299 969 3360 moion,
985 3297 1074 3348 flnisce
1089 3299 1116 3348 in
1132 3303 1221 3348 tronco
1236 3299 1286 3348 alia
1302 3299 1388 3360 peroio
1405 3302 1543 3362 mco,
1561 3313 1615 3351 non
1630 3313 1694 3351 con-

621 3397 697 3448 tendo
712 3399 760 3448 che
776 3402 830 3448 otto
846 3398 929 3459 lineo,
949 3399 965 3446 i‘
975 3399 1065 3449 ultima
1080 3399 1149 3450 delle
1164 3400 1234 3461 quon
1250 3399 1264 3449 e
1281 3399 1442 3462 incompleta.
1468 3402 1650 3464 urimnnente
1665 3403 1694 3453 di

619 3503 708 3560 questo
719 3497 830 3562 Codice,
846 3499 860 3550 e
876 3501 1039 3551 interamenta
1055 3501 1154 3550 bionoo.
