4175 5792
512 722 520 783 1
531 720 573 781 00

506 889 691 942 numerum,
711 868 833 935 scilicet
849 870 880 934 in
898 868 948 952 bo
965 920 971 943 ,
992 877 1216 958 prouanorunt
1231 866 1358 933 numeri
1378 886 1442 940 ez,
1460 885 1476 928 e
1495 864 1509 928 i
1516 914 1523 937 ,
1538 883 1553 927 e
1567 862 1591 927 t.

505 998 562 1062 Est
584 1016 662 1086 ergo
686 997 805 1063 sicuto
829 999 846 1061 b
868 995 911 1062 ad
925 1019 946 1063 o
962 1017 1003 1084 9,
1027 997 1074 1063 ita
1097 1018 1112 1062 e
1131 1018 1148 1062 z
1167 994 1209 1062 ad
1229 998 1297 1072 ei;
1318 1004 1395 1060 sunt
1409 992 1499 1059 enim
1518 1010 1593 1078 qua·

505 1124 589 1191 drati
613 1127 739 1192 numeri
762 1127 813 1191 ab
835 1108 869 1190 et
891 1139 969 1212 op:
988 1143 1067 1212 argo
1087 1125 1255 1213 proportio
1274 1121 1402 1189 numeri
1423 1142 1477 1186 oz
1499 1117 1540 1185 ad
1557 1119 1593 1183 ri

503 1263 552 1319 est
575 1254 660 1318 siout
684 1253 852 1341 proportio
872 1252 1025 1340 quadrati
1047 1253 1173 1319 numeri
1196 1250 1237 1317 ad
1259 1249 1461 1339 quadratum
1487 1268 1593 1314 numo

505 1402 587 1445 rum.
611 1379 720 1457 Quare
741 1403 780 1446 ox
798 1378 899 1446 ductu
918 1401 934 1445 e
951 1401 970 1445 z
986 1381 1018 1445 in
1036 1400 1052 1444 e
1070 1381 1083 1444 i
1101 1380 1270 1467 proueniat
1285 1375 1472 1465 quadratus
1485 1395 1595 1442 nume·

505 1528 569 1573 rus.
588 1507 678 1572 Sede
698 1511 708 1570 i
724 1519 810 1572 recto
827 1506 952 1593 equalis
964 1515 1013 1572 est
1033 1518 1151 1572 rectas
1168 1518 1193 1580 t,
1211 1526 1288 1571 cum
1305 1504 1347 1570 sit
1364 1503 1494 1592 equalis
1512 1511 1592 1568 recto

503 1638 515 1700 i
533 1634 571 1709 d,
597 1643 802 1721 tetragonum
824 1633 912 1698 anim
938 1645 988 1700 ast
1007 1632 1197 1722 superficies
1214 1653 1230 1696 e
1253 1634 1289 1698 k:
1306 1651 1385 1718 orgo
1408 1625 1594 1717 superficias

502 1784 518 1828 e
537 1771 549 1827 t
567 1771 616 1827 est
633 1758 816 1848 quadratus
838 1782 1006 1827 numerus.

570 1888 723 1955 Simititer
737 1940 744 1962 ,
759 1889 916 1976 quoniam
934 1889 1104 1976 proportio
1128 1911 1144 1953 e
1161 1893 1174 1953 i
1189 1887 1231 1954 ad
1250 1909 1268 1954 e
1287 1892 1329 1962 t,
1347 1885 1410 1952 hoo
1435 1895 1486 1950 ast
1505 1883 1545 1949 ie
1559 1881 1596 1949 ad

502 2021 574 2089 eb,
598 2029 647 2083 est
669 2018 756 2083 sicut
779 2014 931 2103 quadrati
959 2015 1086 2081 numeri
1111 2013 1153 2081 ad
1176 2013 1376 2104 quadratum
1399 2032 1595 2090 numerum;

505 2146 609 2212 iactus
631 2143 762 2235 quidam
786 2165 825 2209 ex
848 2143 1023 2209 numerise
1048 2144 1082 2215 b,
1104 2143 1149 2208 ie
1172 2142 1355 2232 quadratus
1377 2142 1454 2214 orit,
1472 2141 1597 2207 horest

505 2271 694 2362 superficias
709 2271 721 2338 t
739 2273 768 2338 b.
786 2273 964 2338 Inuenctus
982 2282 1032 2336 ost
1051 2271 1138 2336 enim
1153 2269 1337 2358 quadratus
1356 2288 1549 2334 numeruse
1566 2265 1598 2339 ic,

506 2402 559 2467 cui
583 2398 692 2466 addita
718 2399 847 2475 radiae,
870 2411 1002 2487 quaest
1025 2390 1105 2472 kb,
1125 2399 1275 2486 prouenit
1288 2396 1474 2486 quadratus
1489 2415 1599 2461 numo·

507 2551 562 2594 rus
586 2528 597 2591 i
618 2529 657 2595 b.
682 2540 715 2593 et
732 2529 758 2592 si
777 2549 817 2594 ex
834 2526 1029 2615 quadratos
1046 2527 1067 2590 ir
1084 2526 1253 2593 auferatur
1269 2526 1342 2592 eius
1362 2523 1432 2590 radi
1447 2580 1454 2588 .
1470 2571 1479 2595 ‚
1495 2544 1598 2590 rema-

503 2656 592 2721 nebit
610 2654 792 2742 quadratus
814 2676 972 2720 numerus
993 2675 1009 2718 e
1034 2632 1065 2723 e..
1088 2652 1176 2741 quod
1198 2651 1373 2740 oportebat
1395 2651 1515 2719 tacere.

572 2784 725 2850 Similiter
746 2784 772 2848 si
797 2783 978 2870 oportuerit
1003 2783 1150 2850 inueniri³
1174 2781 1374 2870 quadratum
1398 2801 1598 2853 numerum,

505 2912 557 2976 rui
582 2909 700 2975 additis
731 2908 861 2975 duabm·
891 2907 1079 2983 radicibus,
1102 2907 1156 2973 uel
1180 2907 1350 2973 diminutis
1383 2905 1428 2971 ab
1458 2925 1515 2979 eo,
1547 2902 1601 2969 fiat

504 3058 633 3126 sempor
654 3036 836 3125 quadratus
866 3058 1049 3111 numerus,
1083 3035 1274 3102 diuidantur
1304 3046 1383 3099 tuno
1413 3033 1602 3100 adiacentes

504 3165 701 3254 quadratio
726 3167 867 3253 bap.
897 3167 981 3237 ud,
1015 3186 1075 3253 par
1096 3162 1270 3229 dimidium
1293 3161 1428 3250 congrui
1460 3163 1548 3244 op,
1569 3172 1600 3225 at

506 3292 701 3379 proueniant
717 3293 844 3358 numeri
859 3314 876 3358 e
890 3314 924 3359 s.
942 3314 959 3358 e
976 3296 1003 3359 i.
1021 3312 1037 3355 e
1056 3296 1091 3363 t,
1106 3289 1215 3355 eterit
1232 3309 1391 3355 numerus
1409 3308 1429 3351 z
1447 3289 1470 3352 i.
1486 3288 1532 3360 2„
1548 3285 1600 3351 cui

504 3417 680 3505 equabitur
702 3440 860 3485 numerus
883 3421 894 3482 i
927 3418 970 3483 t.-
992 3438 1097 3506 quaoe
1123 3435 1321 3503 unaqueque
1348 3411 1598 3501 superficierum

505 3547 611 3614 ibat
640 3546 660 3609 k
684 3570 701 3612 z
724 3548 783 3612 erit
808 3546 934 3634 niualis
971 3544 1103 3611 duabus
1127 3541 1294 3609 radicibus
1310 3541 1468 3630 quadrati
1486 3562 1600 3608 numa

508 3675 535 3741 ri
552 3673 586 3747 k,
604 3686 634 3739 ot
652 3674 712 3739 erit
726 3674 875 3740 similiter
891 3674 1060 3761 proportio
1076 3694 1093 3738 e
1111 3695 1129 3736 s
1151 3670 1194 3737 ad
1210 3693 1228 3735 s
1248 3681 1261 3735 t
1277 3672 1364 3736 sicut
1377 3669 1534 3759 quadrati
1547 3670 1600 3736 od

505 3798 548 3866 ad
571 3797 770 3887 quadratum
792 3821 812 3865 o
834 3822 863 3883 9.
888 3799 996 3877 Quam
1019 3794 1449 3883 numerusquititexez
1474 3797 1598 3865 inst,

505 3925 568 3993 hoe
586 3938 634 3993 ost
658 3924 847 4013 sumrtioirs
868 3948 885 3992 e
908 3938 919 3990 t
937 3977 944 3991 .
965 3925 1148 4014 quadratus
1169 3936 1235 3991 est:
1260 3936 1395 4012 propter
1411 3923 1553 3990 eandem
1567 3934 1599 3989 et

505 4052 713 4143 supurtioirs.
738 4052 859 4117 sailimt
882 4073 1038 4119 numerus
1062 4051 1123 4117 tt.
1142 4062 1190 4117 ost
1213 4051 1417 4139 quadratus:
1444 4051 1599 4116 inuentus

503 4192 551 4247 ost
575 4200 652 4269 orgo
672 4177 854 4267 quadratus
875 4200 891 4244 r
909 4178 945 4247 k.
963 4179 1017 4245 rui
1036 4177 1156 4244 additis
1177 4174 1308 4243 duabus
1333 4176 1517 4249 radicibus,
1537 4176 1598 4242 sci-

506 4306 578 4374 timi
606 4308 626 4373 k
656 4309 698 4373 b.
730 4306 878 4395 patuino
911 4303 1093 4395 quadratus
1121 4325 1280 4371 numurus
1302 4302 1315 4367 t
1335 4304 1377 4375 b,
1399 4314 1433 4370 rt
1455 4303 1600 4392 demptis

504 4434 548 4503 ab
569 4435 683 4505 «xxiiam
702 4457 717 4501 r
736 4438 755 4499 t
773 4434 904 4501 duabus
921 4431 1100 4499 mdiu-ibus.
1119 4430 1242 4499 soilimt
1259 4435 1326 4497 ts.
1346 4446 1496 4500 remanet
1516 4452 1598 4523 qua-

351 4582 373 4615 s<
389 4584 477 4617 am-
503 4560 618 4631 drutus
638 4582 794 4629 uuutrrus
819 4584 836 4629 r
857 4562 868 4625 i
879 4584 889 4627 :
911 4558 973 4627 hm
998 4558 1083 4625 idom
1102 4559 1261 4649 intriiigas
1290 4562 1299 4647 Ι
1326 4560 1369 4628 de
1391 4562 1523 4641 tribus,
1545 4560 1598 4629 uel

506 4686 655 4779 pluribus
677 4688 842 4757 radicibus
861 4688 995 4755 additis.
1011 4690 1064 4757 uri
1087 4689 1257 4756 diminutis
