4175 5792
509 700 573 764 442

506 851 735 932 prouenerunt.
753 843 806 909 27.
823 841 917 907 cuius
932 839 1114 929 quadratus
1128 838 1220 906 addit
1239 840 1433 907 octonarios.
1453 841 1524 916 43.,
1539 861 1586 907 su·

505 992 564 1060 per
585 969 783 1061 quadratum
813 969 870 1057 qni
893 966 930 1033 fit
966 971 987 1034 4
1019 969 1076 1044 25,
1096 977 1129 1035 44
1159 966 1341 1057 quadratus
1363 969 1420 1058 qni
1444 967 1481 1035 iit
1505 973 1526 1036 4
1548 971 1585 1036 at

506 1097 597 1164 addit
619 1098 662 1164 42
685 1097 871 1163 octonarios
894 1117 992 1184 snper
1012 1095 1224 1185 quadratum,
1245 1095 1302 1184 qni
1324 1093 1401 1162 fita
1424 1095 1483 1173 23,
1499 1095 1586 1162 etsie

506 1224 731 1315 inuestigando
756 1225 862 1311 inuenj
888 1222 1086 1314 quadratum
1106 1224 1163 1312 qui
1182 1221 1219 1288 fit
1241 1225 1260 1289 4
1283 1221 1472 1290 2744444444
1494 1243 1586 1312 super

506 1352 705 1441 quadratum
727 1352 784 1440 qui
803 1349 841 1416 fit
858 1371 879 1417 a
897 1354 928 1424 5,
944 1353 1138 1417 octonarios.
1164 1352 1231 1428 88..
1249 1351 1306 1439 qui
1329 1351 1529 1438 proueniunt
1550 1370 1587 1416 ex

507 1480 733 1569 aggregatione
748 1498 960 1545 numerorum
977 1528 984 1554 ,
1003 1477 1060 1566 qui
1084 1482 1200 1545 suntd
1223 1480 1265 1544 43
1284 1499 1388 1566 usqne
1407 1477 1452 1545 in.
1477 1479 1509 1545 3.
1533 1477 1590 1545 sci·

506 1607 582 1674 lieet
605 1628 645 1673 ex
669 1604 821 1672 undecim
845 1605 988 1671 numeris
1011 1604 1178 1672 ordinatis.

571 1731 692 1799 Deinde
711 1731 829 1820 accepi.
849 1732 902 1797 44.
919 1752 994 1798 cum
1011 1731 1079 1798 suis
1099 1730 1310 1820 sequentibus
1326 1733 1472 1798 numeris
1487 1752 1588 1821 usqne

509 1860 542 1924 in
559 1860 617 1934 29,
650 1868 682 1926 44
704 1859 877 1948 aggreganj
903 1879 971 1935 ecS,
987 1869 1019 1924 et
1035 1856 1137 1923 habui
1157 1858 1253 1935 3tt.,
1277 1858 1399 1926 scilicet
1421 1858 1590 1947 octuplum

508 1984 548 2052 de
572 1986 641 2061 ta,
661 1995 693 2052 et
715 2005 812 2071 super
830 1984 966 2074 duplum
985 1984 1026 2051 de
1050 1989 1102 2053 29.
1124 1985 1244 2073 addidj.
1281 1989 1312 2050 4.
1336 1994 1367 2051 44
1399 1982 1512 2052 habui.
1538 1985 1586 2050 59.

505 2133 564 2203 pro
583 2112 691 2179 radice
710 2112 842 2179 maioris
857 2112 1032 2200 quadratj,
1064 2114 1186 2180 scilicet
1205 2111 1255 2180 de.
1273 2112 1354 2178 3t8t
1369 2162 1376 2188 ,
1389 2112 1447 2201 qui
1468 2109 1591 2177 addidit

508 2239 702 2305 octonarios,
727 2239 780 2305 29.
799 2258 897 2327 super
918 2238 1115 2327 quadratum
1139 2239 1202 2306 sibi
1225 2238 1468 2306 antecedentem
1492 2238 1591 2326 impa-

509 2387 599 2444 rem,
614 2365 736 2432 scilicet
755 2386 852 2453 snper
868 2386 943 2431 eum
958 2366 1016 2453 qui
1035 2365 1072 2430 iit
1094 2371 1124 2434 a.
1144 2367 1197 2432 57.
1217 2367 1273 2455 qui
1293 2365 1475 2456 quadratus
1505 2363 1592 2432 addit

464 2546 470 2555 .
506 2513 603 2581 super
625 2490 822 2579 quadratum
856 2491 913 2578 qui
937 2491 973 2556 fit
996 2497 1016 2557 4
1039 2495 1092 2558 55.
1120 2491 1304 2558 octonarios
1331 2494 1383 2558 28.
1407 2492 1512 2558 etsie
1536 2491 1589 2557 ad·

507 2618 612 2686 dendo
635 2639 748 2685 omnes
772 2606 980 2696 octonarios,
1010 2639 1094 2708 quos
1114 2617 1240 2685 addunt
1263 2617 1491 2686 antecedentes
1515 2638 1592 2708 qua-

502 2746 601 2832 dratj.
624 2745 775 2833 quisunt
799 2745 998 2834 aqnadrato
1022 2746 1080 2835 qui
1103 2745 1140 2812 fit
1175 2750 1195 2813 in
1228 2749 1287 2823 59,
1322 2768 1423 2836 vsque
1447 2745 1489 2813 ad
1514 2765 1592 2836 qua·

507 2871 639 2938 dratum
674 2872 731 2961 qni
760 2871 797 2938 fit
832 2875 852 2938 4
884 2875 926 2939 27
962 2895 1061 2963 super
1093 2896 1169 2943 suos
1198 2885 1456 2964 consequentes,
1480 2876 1592 2965 coliegj

506 2999 729 3089 quadratum,
748 3003 805 3088 qui
828 3000 864 3101 fit
888 3008 908 3069 4
931 3005 983 3068 59.
1008 3003 1128 3071 addere
1161 3025 1259 3092 super
1294 3001 1517 3092 quadratum,
1540 3004 1594 3092 qui

509 3127 545 3194 iit
567 3132 598 3193 4.
615 3130 668 3196 27.
693 3130 879 3195 octonarios
902 3130 1000 3206 344,
1024 3152 1127 3219 quare
1148 3133 1315 3221 proportio
1334 3131 1515 3218 differentia
1535 3155 1596 3224 que

473 3254 478 3264 “
509 3265 559 3321 est
580 3255 664 3322 inter
686 3255 883 3345 quadratum
913 3259 970 3346 qni
1007 3257 1044 3323 fit
1082 3263 1103 3325 a
1136 3260 1308 3348 quinario,
1335 3271 1368 3327 et
1397 3260 1595 3350 quadratum

508 3382 566 3469 qui
594 3381 631 3447 fit
653 3386 674 3448 a
696 3382 753 3457 27,
778 3382 888 3449 estad
911 3382 1144 3461 differentiam,
1176 3409 1240 3477 que
1262 3400 1312 3455 est
1335 3389 1420 3456 inter
1455 3389 1595 3479 qnadra-

510 3517 579 3572 tum
603 3510 659 3596 qui
683 3509 719 3575 fit
742 3513 761 3575 4
785 3513 852 3587 27,
877 3521 909 3576 44
932 3513 1130 3601 quadratum
1154 3517 1210 3603 qni
1235 3514 1272 3581 fit
1296 3522 1316 3583 4
1340 3519 1402 3593 59,
1419 3519 1515 3586 sicut.
1541 3523 1593 3587 44.

512 3631 555 3697 ad
576 3633 633 3707 43,
665 3636 851 3722 quostiam
874 3638 1041 3724 proportio
1066 3638 1248 3708 inuenietur
1288 3643 1322 3709 in
1343 3643 1515 3732 quadratis
1541 3645 1595 3735 qni

513 3771 589 3826 sunt
608 3762 627 3828 d
646 3760 761 3851 duplo,
782 3763 833 3830 444
849 3763 892 3830 44)
912 3764 918 3852 4
938 3764 1001 3831 alio
1019 3766 1166 3853 quolibet
1183 3770 1360 3859 multiplice
1377 3771 1527 3840 radicum
1552 3774 1597 3840 in-

385 3902 419 3936 ·³⁸
432 3909 492 3935 ww·
514 3897 700 3955 uentarnm.

581 4018 659 4084 Volo
677 4016 823 4085 inuenire
842 4029 905 4087 tres
925 4020 1104 4110 quadratos
1119 4045 1287 4104 numeros,
1306 4039 1344 4094 nt
1359 4028 1483 4097 additio
1502 4032 1598 4120 primj

512 4158 546 4214 et
567 4148 714 4225 secundi,
741 4168 800 4214 nec
837 4169 902 4215 non
936 4150 1081 4239 ipsorum
1114 4153 1210 4219 trium
1235 4175 1469 4234 numerorum,
1500 4158 1599 4226 iaciat

512 4277 710 4364 quadratum
733 4297 916 4343 nnmerum.
941 4277 1108 4363 inueniam
1133 4283 1276 4369 primum
1300 4282 1384 4350 duos
1416 4286 1599 4375 quadratos

515 4425 681 4482 numeros,
705 4427 745 4473 ex
767 4424 908 4493 quorum
933 4404 1117 4475 addictione
1139 4411 1310 4497 proueniat
1333 4411 1516 4500 quadratus
1540 4435 1601 4480 nu-

516 4552 646 4610 merus,
667 4543 700 4600 et
721 4531 801 4600 fiant
823 4538 843 4600 4
866 4536 1010 4601 numeris
1033 4538 1160 4625 primus
1181 4539 1223 4605 ad
1239 4561 1274 4607 se
1293 4542 1444 4610 inuicem.
1461 4542 1600 4632 Sintque

516 4660 583 4725 944
595 4661 651 4734 46,
669 4681 708 4726 ex
725 4682 865 4750 quorum
885 4662 1049 4732 additione
1065 4666 1264 4751 proueniunt
1284 4670 1348 4746 25,
1369 4671 1426 4760 qui
1446 4682 1497 4739 est
1518 4693 1602 4761 qua-
