<?xml version="1.0" encoding="UTF-8"?>
<!DOCTYPE html PUBLIC "-//W3C//DTD XHTML 1.0 Transitional//EN"
    "http://www.w3.org/TR/xhtml1/DTD/xhtml1-transitional.dtd">
<html xmlns="http://www.w3.org/1999/xhtml" xml:lang="en" lang="en">
 <head>
  <title>
</title>
<meta http-equiv="Content-Type" content="text/html;charset=utf-8" />
  <meta name='ocr-system' content='tesseract 3.04.00' />
  <meta name='ocr-capabilities' content='ocr_page ocr_carea ocr_par ocr_line ocrx_word'/>
</head>
<body>
  <div class='ocr_page' id='page_1' title='image "./opuscolidileona00fibogoog/opuscolidileona00fibogoog_0042.png"; bbox 0 0 4175 5792; ppageno 0'>
   <div class='ocr_carea' id='block_1_1' title="bbox 602 699 623 763">
    <p class='ocr_par' dir='ltr' id='par_1_1' title="bbox 602 699 623 763">
     <span class='ocr_line' id='line_1_1' title="bbox 602 699 623 763; baseline 0 0"><span class='ocrx_word' id='word_1_1' title='bbox 602 699 623 763; x_wconf 93' lang='lat'><em>8</em></span> 
     </span>
    </p>
   </div>
   <div class='ocr_carea' id='block_1_2' title="bbox 600 843 1698 2342">
    <p class='ocr_par' dir='ltr' id='par_1_2' title="bbox 601 843 1698 1315">
     <span class='ocr_line' id='line_1_2' title="bbox 601 843 1698 933; baseline 0.001 -24"><span class='ocrx_word' id='word_1_2' title='bbox 601 843 688 911; x_wconf 87' lang='lat' dir='ltr'><strong>latus</strong></span> <span class='ocrx_word' id='word_1_3' title='bbox 709 866 761 910; x_wconf 79' lang='lat' dir='ltr'><strong>ez</strong></span> <span class='ocrx_word' id='word_1_4' title='bbox 782 855 833 912; x_wconf 89' lang='lat' dir='ltr'><strong>est</strong></span> <span class='ocrx_word' id='word_1_5' title='bbox 856 845 1107 919; x_wconf 84' lang='lat' dir='ltr'><strong>ratiocinatum,</strong></span> <span class='ocrx_word' id='word_1_6' title='bbox 1129 843 1219 933; x_wconf 91' lang='lat' dir='ltr'><strong>quod</strong></span> <span class='ocrx_word' id='word_1_7' title='bbox 1241 852 1292 911; x_wconf 88' lang='lat' dir='ltr'><strong>est</strong></span> <span class='ocrx_word' id='word_1_8' title='bbox 1314 843 1437 912; x_wconf 86' lang='lat' dir='ltr'><strong>decem.</strong></span> <span class='ocrx_word' id='word_1_9' title='bbox 1474 844 1582 921; x_wconf 83' lang='lat' dir='ltr'><strong>Quare</strong></span> <span class='ocrx_word' id='word_1_10' title='bbox 1604 843 1698 911; x_wconf 91' lang='lat' dir='ltr'><strong>latus</strong></span> 
     </span>
     <span class='ocr_line' id='line_1_3' title="bbox 602 970 1698 1060; baseline -0.006 -18"><span class='ocrx_word' id='word_1_11' title='bbox 602 994 618 1042; x_wconf 81' lang='grc' dir='ltr'><strong><em>ο</em></strong></span> <span class='ocrx_word' id='word_1_12' title='bbox 641 979 652 1040; x_wconf 83' lang='grc' dir='ltr'><strong>ι’</strong></span> <span class='ocrx_word' id='word_1_13' title='bbox 674 985 723 1041; x_wconf 96' lang='grc' dir='ltr'><strong>εει</strong></span> <span class='ocrx_word' id='word_1_14' title='bbox 747 973 991 1048; x_wconf 78' lang='lat' dir='ltr'><strong>ratiocinatum,</strong></span> <span class='ocrx_word' id='word_1_15' title='bbox 1015 970 1104 1060; x_wconf 90' lang='lat' dir='ltr'><strong>quod</strong></span> <span class='ocrx_word' id='word_1_16' title='bbox 1129 971 1279 1058; x_wconf 87' lang='lat' dir='ltr'><strong>superius</strong></span> <span class='ocrx_word' id='word_1_17' title='bbox 1299 982 1466 1039; x_wconf 88' lang='lat' dir='ltr'><strong>ostensum</strong></span> <span class='ocrx_word' id='word_1_18' title='bbox 1493 980 1637 1039; x_wconf 88' lang='lat' dir='ltr'><strong>estesse</strong></span> <span class='ocrx_word' id='word_1_19' title='bbox 1659 971 1698 1036; x_wconf 93' lang='lat' dir='ltr'><strong>in</strong></span> 
     </span>
     <span class='ocr_line' id='line_1_4' title="bbox 604 1097 1697 1187; baseline -0.002 -19"><span class='ocrx_word' id='word_1_20' title='bbox 604 1101 844 1168; x_wconf 78' lang='lat' dir='ltr'><strong>ratiocinatum.</strong></span> <span class='ocrx_word' id='word_1_21' title='bbox 865 1097 954 1166; x_wconf 90' lang='lat' dir='ltr'><strong>Vnde</strong></span> <span class='ocrx_word' id='word_1_22' title='bbox 970 1097 1172 1186; x_wconf 88' lang='lat' dir='ltr'><strong>impossibile</strong></span> <span class='ocrx_word' id='word_1_23' title='bbox 1188 1106 1238 1166; x_wconf 93' lang='lat' dir='ltr'><strong>est</strong></span> <span class='ocrx_word' id='word_1_24' title='bbox 1253 1097 1343 1187; x_wconf 92' lang='lat' dir='ltr'><strong>quod</strong></span> <span class='ocrx_word' id='word_1_25' title='bbox 1363 1098 1491 1167; x_wconf 82' lang='lat' dir='ltr'><strong>radixo</strong></span> <span class='ocrx_word' id='word_1_26' title='bbox 1507 1101 1525 1163; x_wconf 83' lang='lat' dir='ltr'><strong>b</strong></span> <span class='ocrx_word' id='word_1_27' title='bbox 1541 1098 1582 1165; x_wconf 84' lang='lat' dir='ltr'><strong>sit</strong></span> <span class='ocrx_word' id='word_1_28' title='bbox 1598 1097 1697 1166; x_wconf 86' lang='lat' dir='ltr'><strong>radix</strong></span> 
     </span>
     <span class='ocr_line' id='line_1_5' title="bbox 603 1226 1171 1315; baseline -0.011 -18"><span class='ocrx_word' id='word_1_29' title='bbox 603 1230 730 1298; x_wconf 89' lang='lat' dir='ltr'><strong>numeri</strong></span> <span class='ocrx_word' id='word_1_30' title='bbox 754 1228 953 1303; x_wconf 85' lang='lat' dir='ltr'><strong>ratiocinati,</strong></span> <span class='ocrx_word' id='word_1_31' title='bbox 975 1239 1013 1294; x_wconf 90' lang='lat' dir='ltr'><strong>ut</strong></span> <span class='ocrx_word' id='word_1_32' title='bbox 1036 1226 1171 1315; x_wconf 81' lang='lat' dir='ltr'><strong>predixi.</strong></span> 
     </span>
    </p>

    <p class='ocr_par' dir='ltr' id='par_1_3' title="bbox 600 1351 1698 2342">
     <span class='ocr_line' id='line_1_6' title="bbox 667 1351 1695 1443; baseline -0.004 -22"><span class='ocrx_word' id='word_1_33' title='bbox 667 1355 780 1429; x_wconf 84' lang='lat' dir='ltr'><strong>Aliter,</strong></span> <span class='ocrx_word' id='word_1_34' title='bbox 802 1354 881 1443; x_wconf 91' lang='lat' dir='ltr'><strong>quia</strong></span> <span class='ocrx_word' id='word_1_35' title='bbox 902 1353 987 1420; x_wconf 91' lang='lat' dir='ltr'><strong>linea</strong></span> <span class='ocrx_word' id='word_1_36' title='bbox 1009 1374 1030 1419; x_wconf 88' lang='lat' dir='ltr'><strong>o</strong></span> <span class='ocrx_word' id='word_1_37' title='bbox 1052 1374 1068 1419; x_wconf 83' lang='lat' dir='ltr'><strong>e</strong></span> <span class='ocrx_word' id='word_1_38' title='bbox 1090 1364 1140 1419; x_wconf 92' lang='lat' dir='ltr'><strong>est</strong></span> <span class='ocrx_word' id='word_1_39' title='bbox 1163 1351 1256 1418; x_wconf 80' lang='lat' dir='ltr'><strong>radix</strong></span> <span class='ocrx_word' id='word_1_40' title='bbox 1278 1354 1405 1419; x_wconf 90' lang='lat' dir='ltr'><strong>numeri</strong></span> <span class='ocrx_word' id='word_1_41' title='bbox 1430 1351 1635 1426; x_wconf 86' lang='lat' dir='ltr'><strong>ratiocinati,</strong></span> <span class='ocrx_word' id='word_1_42' title='bbox 1655 1362 1695 1419; x_wconf 89' lang='lat' dir='ltr'><strong>ut</strong></span> 
     </span>
     <span class='ocr_line' id='line_1_7' title="bbox 601 1476 1694 1555; baseline -0.005 -8"><span class='ocrx_word' id='word_1_43' title='bbox 601 1491 769 1548; x_wconf 85' lang='lat' dir='ltr'><strong>ostensum</strong></span> <span class='ocrx_word' id='word_1_44' title='bbox 792 1489 863 1555; x_wconf 89' lang='lat' dir='ltr'><strong>est,</strong></span> <span class='ocrx_word' id='word_1_45' title='bbox 886 1490 919 1545; x_wconf 89' lang='grc' dir='ltr'><strong>ει</strong></span> <span class='ocrx_word' id='word_1_46' title='bbox 942 1479 1027 1546; x_wconf 88' lang='lat' dir='ltr'><strong>linea</strong></span> <span class='ocrx_word' id='word_1_47' title='bbox 1049 1501 1064 1545; x_wconf 85' lang='lat' dir='ltr'><strong>s</strong></span> <span class='ocrx_word' id='word_1_48' title='bbox 1084 1501 1103 1544; x_wconf 80' lang='lat' dir='ltr'><strong>s</strong></span> <span class='ocrx_word' id='word_1_49' title='bbox 1125 1489 1175 1547; x_wconf 90' lang='grc' dir='ltr'><strong>εει</strong></span> <span class='ocrx_word' id='word_1_50' title='bbox 1197 1499 1354 1547; x_wconf 89' lang='lat' dir='ltr'><strong>numerus</strong></span> <span class='ocrx_word' id='word_1_51' title='bbox 1376 1479 1604 1554; x_wconf 83' lang='lat' dir='ltr'><strong>ratiocinatus,</strong></span> <span class='ocrx_word' id='word_1_52' title='bbox 1629 1476 1694 1545; x_wconf 89' lang='lat' dir='ltr'><strong>erit</strong></span> 
     </span>
     <span class='ocr_line' id='line_1_8' title="bbox 602 1611 1695 1702; baseline -0.004 -22"><span class='ocrx_word' id='word_1_53' title='bbox 602 1612 791 1702; x_wconf 85' lang='lat' dir='ltr'><strong>superficies</strong></span> <span class='ocrx_word' id='word_1_54' title='bbox 812 1616 832 1677; x_wconf 92' lang='lat' dir='ltr'><strong>d</strong></span> <span class='ocrx_word' id='word_1_55' title='bbox 854 1634 870 1677; x_wconf 85' lang='lat' dir='ltr'><strong>c</strong></span> <span class='ocrx_word' id='word_1_56' title='bbox 898 1611 990 1679; x_wconf 86' lang='lat' dir='ltr'><strong>radix</strong></span> <span class='ocrx_word' id='word_1_57' title='bbox 1024 1615 1172 1687; x_wconf 85' lang='lat' dir='ltr'><strong>numeri,</strong></span> <span class='ocrx_word' id='word_1_58' title='bbox 1209 1623 1243 1678; x_wconf 91' lang='lat' dir='ltr'><strong>et</strong></span> <span class='ocrx_word' id='word_1_59' title='bbox 1273 1611 1464 1700; x_wconf 87' lang='lat' dir='ltr'><strong>superficies</strong></span> <span class='ocrx_word' id='word_1_60' title='bbox 1484 1633 1501 1677; x_wconf 79' lang='lat' dir='ltr'><strong>e</strong></span> <span class='ocrx_word' id='word_1_61' title='bbox 1524 1622 1535 1675; x_wconf 94' lang='grc' dir='ltr'><strong>ι</strong></span> <span class='ocrx_word' id='word_1_62' title='bbox 1555 1618 1607 1676; x_wconf 90' lang='lat' dir='ltr'><strong>est</strong></span> <span class='ocrx_word' id='word_1_63' title='bbox 1630 1629 1695 1676; x_wconf 90' lang='lat' dir='ltr'><strong>nu·</strong></span> 
     </span>
     <span class='ocr_line' id='line_1_9' title="bbox 602 1738 1696 1826; baseline -0.001 -23"><span class='ocrx_word' id='word_1_64' title='bbox 602 1758 713 1804; x_wconf 86' lang='lat' dir='ltr'><strong>merus</strong></span> <span class='ocrx_word' id='word_1_65' title='bbox 738 1738 958 1806; x_wconf 87' lang='lat' dir='ltr'><strong>ratiocinatus.</strong></span> <span class='ocrx_word' id='word_1_66' title='bbox 980 1738 1089 1816; x_wconf 85' lang='lat' dir='ltr'><strong>Quare</strong></span> <span class='ocrx_word' id='word_1_67' title='bbox 1114 1749 1182 1805; x_wconf 89' lang='lat' dir='ltr'><strong>tota</strong></span> <span class='ocrx_word' id='word_1_68' title='bbox 1214 1738 1402 1826; x_wconf 87' lang='lat' dir='ltr'><strong>superficies</strong></span> <span class='ocrx_word' id='word_1_69' title='bbox 1424 1742 1445 1804; x_wconf 93' lang='lat' dir='ltr'><strong>d</strong></span> <span class='ocrx_word' id='word_1_70' title='bbox 1467 1742 1478 1802; x_wconf 79' lang='grc' dir='ltr'><strong>ι</strong></span> <span class='ocrx_word' id='word_1_71' title='bbox 1501 1744 1631 1804; x_wconf 90' lang='lat' dir='ltr'><strong>constat</strong></span> <span class='ocrx_word' id='word_1_72' title='bbox 1652 1757 1696 1805; x_wconf 84' lang='lat' dir='ltr'><strong>ex</strong></span> 
     </span>
     <span class='ocr_line' id='line_1_10' title="bbox 602 1866 1696 1957; baseline 0 -24"><span class='ocrx_word' id='word_1_73' title='bbox 602 1885 739 1934; x_wconf 89' lang='lat' dir='ltr'><strong>numero</strong></span> <span class='ocrx_word' id='word_1_74' title='bbox 760 1866 792 1932; x_wconf 94' lang='lat' dir='ltr'><strong>in</strong></span> <span class='ocrx_word' id='word_1_75' title='bbox 808 1867 1001 1935; x_wconf 84' lang='lat' dir='ltr'><strong>ratiocinata</strong></span> <span class='ocrx_word' id='word_1_76' title='bbox 1016 1878 1049 1934; x_wconf 89' lang='lat' dir='ltr'><strong>st</strong></span> <span class='ocrx_word' id='word_1_77' title='bbox 1066 1868 1274 1944; x_wconf 85' lang='lat' dir='ltr'><strong>ratiocinato,</strong></span> <span class='ocrx_word' id='word_1_78' title='bbox 1285 1868 1376 1957; x_wconf 91' lang='lat' dir='ltr'><strong>quod</strong></span> <span class='ocrx_word' id='word_1_79' title='bbox 1393 1876 1445 1934; x_wconf 90' lang='lat' dir='ltr'><strong>est</strong></span> <span class='ocrx_word' id='word_1_80' title='bbox 1461 1866 1696 1934; x_wconf 88' lang='lat' dir='ltr'><strong>inconuenieus</strong></span> 
     </span>
     <span class='ocr_line' id='line_1_11' title="bbox 603 1991 1697 2084; baseline -0.002 -23"><span class='ocrx_word' id='word_1_81' title='bbox 603 2013 680 2061; x_wconf 92' lang='lat' dir='ltr'><strong>cum</strong></span> <span class='ocrx_word' id='word_1_82' title='bbox 712 1993 901 2081; x_wconf 87' lang='lat' dir='ltr'><strong>superficies</strong></span> <span class='ocrx_word' id='word_1_83' title='bbox 934 1998 955 2060; x_wconf 92' lang='lat' dir='ltr'><strong>d</strong></span> <span class='ocrx_word' id='word_1_84' title='bbox 986 1999 998 2061; x_wconf 82' lang='lat' dir='ltr'><strong>t&#39;</strong></span> <span class='ocrx_word' id='word_1_85' title='bbox 1032 1995 1075 2062; x_wconf 88' lang='lat' dir='ltr'><strong>sit</strong></span> <span class='ocrx_word' id='word_1_86' title='bbox 1108 2015 1160 2063; x_wconf 84' lang='lat' dir='ltr'><strong>xx.</strong></span> <span class='ocrx_word' id='word_1_87' title='bbox 1197 1995 1344 2084; x_wconf 84' lang='lat' dir='ltr'><strong>Amplius</strong></span> <span class='ocrx_word' id='word_1_88' title='bbox 1376 1995 1450 2063; x_wconf 87' lang='lat' dir='ltr'><strong>dioc</strong></span> <span class='ocrx_word' id='word_1_89' title='bbox 1478 1992 1568 2084; x_wconf 89' lang='lat' dir='ltr'><strong>quod</strong></span> <span class='ocrx_word' id='word_1_90' title='bbox 1598 1991 1697 2059; x_wconf 85' lang='lat' dir='ltr'><strong>radix</strong></span> 
     </span>
     <span class='ocr_line' id='line_1_12' title="bbox 600 2120 1698 2210; baseline -0.002 -23"><span class='ocrx_word' id='word_1_91' title='bbox 600 2141 622 2187; x_wconf 90' lang='lat' dir='ltr'><strong>c</strong></span> <span class='ocrx_word' id='word_1_92' title='bbox 645 2123 664 2186; x_wconf 88' lang='lat' dir='ltr'><strong>b</strong></span> <span class='ocrx_word' id='word_1_93' title='bbox 687 2131 823 2187; x_wconf 91' lang='lat' dir='ltr'><strong>nonest</strong></span> <span class='ocrx_word' id='word_1_94' title='bbox 847 2120 938 2188; x_wconf 84' lang='lat' dir='ltr'><strong>radix</strong></span> <span class='ocrx_word' id='word_1_95' title='bbox 961 2120 1081 2189; x_wconf 85' lang='lat' dir='ltr'><strong>radicis</strong></span> <span class='ocrx_word' id='word_1_96' title='bbox 1110 2123 1249 2190; x_wconf 90' lang='lat' dir='ltr'><strong>alicuius</strong></span> <span class='ocrx_word' id='word_1_97' title='bbox 1278 2123 1426 2204; x_wconf 89' lang='lat' dir='ltr'><strong>numeri;</strong></span> <span class='ocrx_word' id='word_1_98' title='bbox 1461 2120 1518 2190; x_wconf 87' lang='lat' dir='ltr'><strong>sed</strong></span> <span class='ocrx_word' id='word_1_99' title='bbox 1539 2122 1568 2188; x_wconf 93' lang='lat' dir='ltr'><strong>si</strong></span> <span class='ocrx_word' id='word_1_100' title='bbox 1592 2120 1698 2210; x_wconf 88' lang='lat' dir='ltr'><strong>possi-</strong></span> 
     </span>
     <span class='ocr_line' id='line_1_13' title="bbox 604 2247 1697 2342; baseline 0.002 -25"><span class='ocrx_word' id='word_1_101' title='bbox 604 2247 669 2317; x_wconf 88' lang='lat' dir='ltr'><strong>bile</strong></span> <span class='ocrx_word' id='word_1_102' title='bbox 682 2260 747 2327; x_wconf 89' lang='grc' dir='ltr'><strong>εει,</strong></span> <span class='ocrx_word' id='word_1_103' title='bbox 763 2261 834 2317; x_wconf 90' lang='grc' dir='ltr'><strong>εειο</strong></span> <span class='ocrx_word' id='word_1_104' title='bbox 849 2252 901 2317; x_wconf 84' lang='lat' dir='ltr'><strong>ob</strong></span> <span class='ocrx_word' id='word_1_105' title='bbox 922 2248 966 2342; x_wconf 76' lang='lat' dir='ltr'><strong>(l)</strong></span> <span class='ocrx_word' id='word_1_106' title='bbox 985 2250 1080 2319; x_wconf 85' lang='lat' dir='ltr'><strong>radix</strong></span> <span class='ocrx_word' id='word_1_107' title='bbox 1096 2250 1214 2319; x_wconf 87' lang='lat' dir='ltr'><strong>radicis</strong></span> <span class='ocrx_word' id='word_1_108' title='bbox 1232 2251 1371 2319; x_wconf 87' lang='lat' dir='ltr'><strong>alicuius</strong></span> <span class='ocrx_word' id='word_1_109' title='bbox 1386 2251 1584 2327; x_wconf 91' lang='lat' dir='ltr'><strong>ratiocinati,</strong></span> <span class='ocrx_word' id='word_1_110' title='bbox 1602 2261 1637 2317; x_wconf 91' lang='lat' dir='ltr'><strong>et</strong></span> <span class='ocrx_word' id='word_1_111' title='bbox 1654 2270 1697 2319; x_wconf 86' lang='lat' dir='ltr'><strong>ex</strong></span> 
     </span>
    </p>
   </div>
   <div class='ocr_carea' id='block_1_3' title="bbox 484 2375 1697 2467">
    <p class='ocr_par' dir='ltr' id='par_1_4' title="bbox 484 2375 1697 2467">
     <span class='ocr_line' id='line_1_14' title="bbox 484 2375 1697 2467; baseline 0.002 -24"><span class='ocrx_word' id='word_1_112' title='bbox 484 2421 488 2430; x_wconf 90' lang='lat'>-</span> <span class='ocrx_word' id='word_1_113' title='bbox 520 2404 573 2430; x_wconf 69' lang='lat' dir='ltr'><strong>vom</strong></span> <span class='ocrx_word' id='word_1_114' title='bbox 603 2375 710 2445; x_wconf 86' lang='lat' dir='ltr'><strong>ductu</strong></span> <span class='ocrx_word' id='word_1_115' title='bbox 744 2378 823 2445; x_wconf 88' lang='lat' dir='ltr'><strong>item</strong></span> <span class='ocrx_word' id='word_1_116' title='bbox 844 2399 865 2445; x_wconf 88' lang='lat' dir='ltr'><strong>a</strong></span> <span class='ocrx_word' id='word_1_117' title='bbox 889 2381 907 2443; x_wconf 86' lang='lat' dir='ltr'><strong>b</strong></span> <span class='ocrx_word' id='word_1_118' title='bbox 930 2378 998 2445; x_wconf 91' lang='lat' dir='ltr'><strong>inse</strong></span> <span class='ocrx_word' id='word_1_119' title='bbox 1034 2379 1041 2465; x_wconf 78' lang='grc'>1</span> <span class='ocrx_word' id='word_1_120' title='bbox 1075 2379 1247 2467; x_wconf 89' lang='lat' dir='ltr'><strong>proueniat</strong></span> <span class='ocrx_word' id='word_1_121' title='bbox 1277 2380 1352 2456; x_wconf 79' lang='lat' dir='ltr'><strong>bic,</strong></span> <span class='ocrx_word' id='word_1_122' title='bbox 1374 2389 1406 2447; x_wconf 86' lang='lat' dir='ltr'><strong>et</strong></span> <span class='ocrx_word' id='word_1_123' title='bbox 1428 2400 1468 2445; x_wconf 85' lang='lat' dir='ltr'><strong>cx</strong></span> <span class='ocrx_word' id='word_1_124' title='bbox 1490 2399 1511 2447; x_wconf 87' lang='lat' dir='ltr'><strong>o</strong></span> <span class='ocrx_word' id='word_1_125' title='bbox 1532 2378 1552 2445; x_wconf 87' lang='lat' dir='ltr'><strong>d</strong></span> <span class='ocrx_word' id='word_1_126' title='bbox 1574 2379 1608 2445; x_wconf 91' lang='lat' dir='ltr'><strong>in</strong></span> <span class='ocrx_word' id='word_1_127' title='bbox 1632 2379 1697 2445; x_wconf 78' lang='lat' dir='ltr'><strong>otc</strong></span> 
     </span>
    </p>
   </div>
   <div class='ocr_carea' id='block_1_4' title="bbox 602 2504 1699 4376">
    <p class='ocr_par' dir='ltr' id='par_1_5' title="bbox 602 2504 1699 4376">
     <span class='ocr_line' id='line_1_15' title="bbox 605 2504 1694 2597; baseline 0.001 -26"><span class='ocrx_word' id='word_1_128' title='bbox 605 2506 756 2593; x_wconf 87' lang='lat' dir='ltr'><strong>prouenit</strong></span> <span class='ocrx_word' id='word_1_129' title='bbox 778 2504 1004 2592; x_wconf 83' lang='lat' dir='ltr'><strong>superficieslr</strong></span> <span class='ocrx_word' id='word_1_130' title='bbox 1025 2527 1068 2582; x_wconf 86' lang='lat' dir='ltr'><strong>o,</strong></span> <span class='ocrx_word' id='word_1_131' title='bbox 1098 2527 1164 2596; x_wconf 89' lang='lat' dir='ltr'><strong>que</strong></span> <span class='ocrx_word' id='word_1_132' title='bbox 1185 2517 1234 2573; x_wconf 85' lang='lat' dir='ltr'><strong>est</strong></span> <span class='ocrx_word' id='word_1_133' title='bbox 1256 2506 1382 2596; x_wconf 85' lang='lat' dir='ltr'><strong>equalis</strong></span> <span class='ocrx_word' id='word_1_134' title='bbox 1405 2505 1587 2597; x_wconf 80' lang='lat' dir='ltr'><strong>superficiei</strong></span> <span class='ocrx_word' id='word_1_135' title='bbox 1611 2508 1629 2570; x_wconf 89' lang='lat' dir='ltr'><strong>b</strong></span> <span class='ocrx_word' id='word_1_136' title='bbox 1651 2514 1694 2582; x_wconf 79' lang='lat' dir='ltr'><strong>s,</strong></span> 
     </span>
     <span class='ocr_line' id='line_1_16' title="bbox 605 2620 1691 2723; baseline 0.003 -25"><span class='ocrx_word' id='word_1_137' title='bbox 605 2629 669 2701; x_wconf 90' lang='lat' dir='ltr'><strong>boc</strong></span> <span class='ocrx_word' id='word_1_138' title='bbox 690 2620 740 2701; x_wconf 87' lang='grc' dir='ltr'><strong>εει</strong></span> <span class='ocrx_word' id='word_1_139' title='bbox 761 2632 869 2708; x_wconf 89' lang='lat' dir='ltr'><strong>cubo,</strong></span> <span class='ocrx_word' id='word_1_140' title='bbox 891 2633 949 2723; x_wconf 94' lang='lat' dir='ltr'><strong>qui</strong></span> <span class='ocrx_word' id='word_1_141' title='bbox 972 2631 1008 2699; x_wconf 89' lang='lat' dir='ltr'><strong>lit</strong></span> <span class='ocrx_word' id='word_1_142' title='bbox 1031 2655 1051 2699; x_wconf 91' lang='lat' dir='ltr'><strong>a</strong></span> <span class='ocrx_word' id='word_1_143' title='bbox 1074 2633 1184 2701; x_wconf 87' lang='lat' dir='ltr'><strong>radice</strong></span> <span class='ocrx_word' id='word_1_144' title='bbox 1204 2656 1226 2702; x_wconf 90' lang='lat' dir='ltr'><strong>c</strong></span> <span class='ocrx_word' id='word_1_145' title='bbox 1250 2638 1278 2701; x_wconf 85' lang='lat' dir='ltr'><strong>b.</strong></span> <span class='ocrx_word' id='word_1_146' title='bbox 1303 2635 1412 2713; x_wconf 87' lang='lat' dir='ltr'><strong>Quare</strong></span> <span class='ocrx_word' id='word_1_147' title='bbox 1439 2645 1489 2703; x_wconf 88' lang='lat' dir='ltr'><strong>est</strong></span> <span class='ocrx_word' id='word_1_148' title='bbox 1517 2635 1691 2719; x_wconf 76' lang='lat' dir='ltr'><strong>sioutpb</strong></span> 
     </span>
     <span class='ocr_line' id='line_1_17' title="bbox 603 2758 1698 2849; baseline 0.002 -22"><span class='ocrx_word' id='word_1_149' title='bbox 603 2758 645 2827; x_wconf 92' lang='lat' dir='ltr'><strong>ad</strong></span> <span class='ocrx_word' id='word_1_150' title='bbox 670 2761 688 2825; x_wconf 82' lang='lat' dir='ltr'><strong>b</strong></span> <span class='ocrx_word' id='word_1_151' title='bbox 710 2762 751 2834; x_wconf 81' lang='lat' dir='ltr'><strong>t,</strong></span> <span class='ocrx_word' id='word_1_152' title='bbox 782 2760 826 2826; x_wconf 90' lang='lat' dir='ltr'><strong>ita</strong></span> <span class='ocrx_word' id='word_1_153' title='bbox 848 2769 881 2826; x_wconf 87' lang='lat' dir='ltr'><strong>et</strong></span> <span class='ocrx_word' id='word_1_154' title='bbox 903 2781 924 2826; x_wconf 86' lang='lat' dir='ltr'><strong>a</strong></span> <span class='ocrx_word' id='word_1_155' title='bbox 946 2762 964 2824; x_wconf 86' lang='lat' dir='ltr'><strong>b</strong></span> <span class='ocrx_word' id='word_1_156' title='bbox 987 2758 1029 2825; x_wconf 93' lang='lat' dir='ltr'><strong>ad</strong></span> <span class='ocrx_word' id='word_1_157' title='bbox 1061 2762 1129 2826; x_wconf 83' lang='lat' dir='ltr'><strong>be.</strong></span> <span class='ocrx_word' id='word_1_158' title='bbox 1170 2760 1212 2827; x_wconf 84' lang='lat' dir='ltr'><strong>Et</strong></span> <span class='ocrx_word' id='word_1_159' title='bbox 1241 2760 1446 2849; x_wconf 79' lang='lat' dir='ltr'><strong>quoniame</strong></span> <span class='ocrx_word' id='word_1_160' title='bbox 1479 2764 1498 2827; x_wconf 84' lang='lat' dir='ltr'><strong>b</strong></span> <span class='ocrx_word' id='word_1_161' title='bbox 1530 2770 1581 2829; x_wconf 91' lang='lat' dir='ltr'><strong>est</strong></span> <span class='ocrx_word' id='word_1_162' title='bbox 1602 2759 1698 2829; x_wconf 86' lang='lat' dir='ltr'><strong>radix</strong></span> 
     </span>
     <span class='ocr_line' id='line_1_18' title="bbox 603 2885 1695 2978; baseline 0.001 -26"><span class='ocrx_word' id='word_1_163' title='bbox 603 2885 723 2954; x_wconf 87' lang='lat' dir='ltr'><strong>radicis</strong></span> <span class='ocrx_word' id='word_1_164' title='bbox 744 2887 871 2955; x_wconf 90' lang='lat' dir='ltr'><strong>numeri</strong></span> <span class='ocrx_word' id='word_1_165' title='bbox 895 2888 1096 2965; x_wconf 88' lang='lat' dir='ltr'><strong>ratiocinati,</strong></span> <span class='ocrx_word' id='word_1_166' title='bbox 1113 2889 1175 2957; x_wconf 90' lang='lat' dir='ltr'><strong>erit</strong></span> <span class='ocrx_word' id='word_1_167' title='bbox 1193 2909 1270 2978; x_wconf 81' lang='lat' dir='ltr'><strong>ergo</strong></span> <span class='ocrx_word' id='word_1_168' title='bbox 1295 2891 1351 2953; x_wconf 83' lang='lat' dir='ltr'><strong>blr</strong></span> <span class='ocrx_word' id='word_1_169' title='bbox 1374 2886 1468 2954; x_wconf 83' lang='lat' dir='ltr'><strong>radix</strong></span> <span class='ocrx_word' id='word_1_170' title='bbox 1490 2886 1610 2955; x_wconf 90' lang='lat' dir='ltr'><strong>radicis</strong></span> <span class='ocrx_word' id='word_1_171' title='bbox 1632 2907 1695 2953; x_wconf 92' lang='lat' dir='ltr'><strong>nu-</strong></span> 
     </span>
     <span class='ocr_line' id='line_1_19' title="bbox 605 3009 1696 3099; baseline -0.002 -18"><span class='ocrx_word' id='word_1_172' title='bbox 605 3014 685 3081; x_wconf 90' lang='lat' dir='ltr'><strong>meri</strong></span> <span class='ocrx_word' id='word_1_173' title='bbox 710 3015 902 3082; x_wconf 84' lang='lat' dir='ltr'><strong>ratiocinati.</strong></span> <span class='ocrx_word' id='word_1_174' title='bbox 937 3014 1047 3093; x_wconf 88' lang='lat' dir='ltr'><strong>Quare</strong></span> <span class='ocrx_word' id='word_1_175' title='bbox 1067 3038 1086 3099; x_wconf 81' lang='lat' dir='ltr'><strong>p</strong></span> <span class='ocrx_word' id='word_1_176' title='bbox 1111 3018 1129 3081; x_wconf 82' lang='lat' dir='ltr'><strong>b</strong></span> <span class='ocrx_word' id='word_1_177' title='bbox 1151 3026 1184 3082; x_wconf 89' lang='grc' dir='ltr'><strong>ει</strong></span> <span class='ocrx_word' id='word_1_178' title='bbox 1210 3015 1270 3081; x_wconf 76' lang='lat' dir='ltr'><strong>lle</strong></span> <span class='ocrx_word' id='word_1_179' title='bbox 1301 3015 1428 3082; x_wconf 89' lang='lat' dir='ltr'><strong>numeri</strong></span> <span class='ocrx_word' id='word_1_180' title='bbox 1451 3009 1696 3082; x_wconf 77' lang='lat' dir='ltr'><strong>commensura·</strong></span> 
     </span>
     <span class='ocr_line' id='line_1_20' title="bbox 604 3139 1696 3231; baseline -0.001 -21"><span class='ocrx_word' id='word_1_181' title='bbox 604 3140 686 3210; x_wconf 92' lang='lat' dir='ltr'><strong>biles</strong></span> <span class='ocrx_word' id='word_1_182' title='bbox 706 3151 783 3209; x_wconf 89' lang='lat' dir='ltr'><strong>sunt</strong></span> <span class='ocrx_word' id='word_1_183' title='bbox 806 3143 950 3231; x_wconf 86' lang='lat' dir='ltr'><strong>potentia</strong></span> <span class='ocrx_word' id='word_1_184' title='bbox 971 3143 1091 3218; x_wconf 86' lang='lat' dir='ltr'><strong>solum,</strong></span> <span class='ocrx_word' id='word_1_185' title='bbox 1114 3155 1147 3211; x_wconf 88' lang='lat' dir='ltr'><strong>et</strong></span> <span class='ocrx_word' id='word_1_186' title='bbox 1165 3164 1186 3211; x_wconf 88' lang='lat' dir='ltr'><strong>o</strong></span> <span class='ocrx_word' id='word_1_187' title='bbox 1205 3148 1224 3209; x_wconf 84' lang='lat' dir='ltr'><strong>b</strong></span> <span class='ocrx_word' id='word_1_188' title='bbox 1246 3154 1278 3211; x_wconf 93' lang='grc' dir='ltr'><strong>ει</strong></span> <span class='ocrx_word' id='word_1_189' title='bbox 1301 3146 1319 3208; x_wconf 85' lang='lat' dir='ltr'><strong>d</strong></span> <span class='ocrx_word' id='word_1_190' title='bbox 1342 3166 1358 3209; x_wconf 81' lang='lat' dir='ltr'><strong>e</strong></span> <span class='ocrx_word' id='word_1_191' title='bbox 1381 3139 1696 3211; x_wconf 80' lang='lat' dir='ltr'><strong>commensurabiles</strong></span> 
     </span>
     <span class='ocr_line' id='line_1_21' title="bbox 602 3268 1696 3359; baseline -0.005 -21"><span class='ocrx_word' id='word_1_192' title='bbox 602 3281 680 3338; x_wconf 91' lang='lat' dir='ltr'><strong>sunt</strong></span> <span class='ocrx_word' id='word_1_193' title='bbox 701 3270 849 3337; x_wconf 84' lang='lat' dir='ltr'><strong>similiter</strong></span> <span class='ocrx_word' id='word_1_194' title='bbox 871 3268 1017 3359; x_wconf 83' lang='lat' dir='ltr'><strong>potentia</strong></span> <span class='ocrx_word' id='word_1_195' title='bbox 1040 3283 1178 3339; x_wconf 89' lang='lat' dir='ltr'><strong>tantum.</strong></span> <span class='ocrx_word' id='word_1_196' title='bbox 1203 3272 1307 3341; x_wconf 89' lang='lat' dir='ltr'><strong>lledia</strong></span> <span class='ocrx_word' id='word_1_197' title='bbox 1327 3273 1416 3341; x_wconf 87' lang='lat' dir='ltr'><strong>enim</strong></span> <span class='ocrx_word' id='word_1_198' title='bbox 1434 3280 1484 3340; x_wconf 92' lang='grc' dir='ltr'><strong>εει</strong></span> <span class='ocrx_word' id='word_1_199' title='bbox 1506 3271 1591 3336; x_wconf 88' lang='lat' dir='ltr'><strong>linea</strong></span> <span class='ocrx_word' id='word_1_200' title='bbox 1614 3289 1635 3335; x_wconf 88' lang='lat' dir='ltr'><strong>o</strong></span> <span class='ocrx_word' id='word_1_201' title='bbox 1660 3271 1696 3343; x_wconf 84' lang='lat' dir='ltr'><strong>b,</strong></span> 
     </span>
     <span class='ocr_line' id='line_1_22' title="bbox 604 3395 1693 3483; baseline -0.006 -18"><span class='ocrx_word' id='word_1_202' title='bbox 604 3397 667 3465; x_wconf 92' lang='lat' dir='ltr'><strong>boo</strong></span> <span class='ocrx_word' id='word_1_203' title='bbox 685 3409 734 3464; x_wconf 89' lang='grc' dir='ltr'><strong>εει</strong></span> <span class='ocrx_word' id='word_1_204' title='bbox 758 3397 850 3465; x_wconf 86' lang='lat' dir='ltr'><strong>radix</strong></span> <span class='ocrx_word' id='word_1_205' title='bbox 874 3396 993 3466; x_wconf 90' lang='lat' dir='ltr'><strong>radicis</strong></span> <span class='ocrx_word' id='word_1_206' title='bbox 1015 3401 1143 3468; x_wconf 87' lang='lat' dir='ltr'><strong>numeri</strong></span> <span class='ocrx_word' id='word_1_207' title='bbox 1168 3401 1363 3467; x_wconf 88' lang='lat' dir='ltr'><strong>ratiocinati.</strong></span> <span class='ocrx_word' id='word_1_208' title='bbox 1391 3398 1495 3467; x_wconf 89' lang='lat' dir='ltr'><strong>lledia</strong></span> <span class='ocrx_word' id='word_1_209' title='bbox 1528 3414 1605 3483; x_wconf 83' lang='lat' dir='ltr'><strong>ergo</strong></span> <span class='ocrx_word' id='word_1_210' title='bbox 1629 3395 1693 3460; x_wconf 87' lang='lat' dir='ltr'><strong>erit</strong></span> 
     </span>
     <span class='ocr_line' id='line_1_23' title="bbox 602 3521 1694 3610; baseline -0.003 -19"><span class='ocrx_word' id='word_1_211' title='bbox 602 3533 637 3591; x_wconf 87' lang='lat' dir='ltr'><strong>et</strong></span> <span class='ocrx_word' id='word_1_212' title='bbox 660 3524 743 3590; x_wconf 89' lang='lat' dir='ltr'><strong>linea</strong></span> <span class='ocrx_word' id='word_1_213' title='bbox 768 3528 785 3589; x_wconf 88' lang='lat' dir='ltr'><strong>b</strong></span> <span class='ocrx_word' id='word_1_214' title='bbox 807 3547 836 3599; x_wconf 84' lang='lat' dir='ltr'><strong>e,</strong></span> <span class='ocrx_word' id='word_1_215' title='bbox 862 3535 894 3590; x_wconf 90' lang='lat' dir='ltr'><strong>et</strong></span> <span class='ocrx_word' id='word_1_216' title='bbox 917 3525 1256 3595; x_wconf 86' lang='lat' dir='ltr'><strong>incommensurabilis</strong></span> <span class='ocrx_word' id='word_1_217' title='bbox 1285 3526 1368 3594; x_wconf 87' lang='lat' dir='ltr'><strong>linea</strong></span> <span class='ocrx_word' id='word_1_218' title='bbox 1398 3528 1458 3591; x_wconf 83' lang='lat' dir='ltr'><strong>dn</strong></span> <span class='ocrx_word' id='word_1_219' title='bbox 1482 3521 1694 3610; x_wconf 80' lang='lat' dir='ltr'><strong>longitudine.</strong></span> 
     </span>
     <span class='ocr_line' id='line_1_24' title="bbox 603 3647 1692 3737; baseline 0 -22"><span class='ocrx_word' id='word_1_220' title='bbox 603 3647 710 3726; x_wconf 88' lang='lat' dir='ltr'><strong>Quare</strong></span> <span class='ocrx_word' id='word_1_221' title='bbox 741 3660 809 3725; x_wconf 88' lang='lat' dir='ltr'><strong>tota</strong></span> <span class='ocrx_word' id='word_1_222' title='bbox 841 3671 904 3717; x_wconf 82' lang='lat' dir='ltr'><strong>ne</strong></span> <span class='ocrx_word' id='word_1_223' title='bbox 937 3652 980 3717; x_wconf 89' lang='lat' dir='ltr'><strong>sit</strong></span> <span class='ocrx_word' id='word_1_224' title='bbox 1013 3672 1053 3720; x_wconf 81' lang='lat' dir='ltr'><strong>ex</strong></span> <span class='ocrx_word' id='word_1_225' title='bbox 1085 3651 1216 3720; x_wconf 90' lang='lat' dir='ltr'><strong>duabus</strong></span> <span class='ocrx_word' id='word_1_226' title='bbox 1254 3649 1370 3737; x_wconf 84' lang='lat' dir='ltr'><strong>medijs</strong></span> <span class='ocrx_word' id='word_1_227' title='bbox 1406 3647 1550 3736; x_wconf 85' lang='lat' dir='ltr'><strong>potentia</strong></span> <span class='ocrx_word' id='word_1_228' title='bbox 1582 3647 1692 3717; x_wconf 93' lang='lat' dir='ltr'><strong>solum</strong></span> 
     </span>
     <span class='ocr_line' id='line_1_25' title="bbox 603 3775 1692 3868; baseline 0.002 -25"><span class='ocrx_word' id='word_1_229' title='bbox 603 3777 975 3856; x_wconf 87' lang='lat' dir='ltr'><strong>commensurabilibus,</strong></span> <span class='ocrx_word' id='word_1_230' title='bbox 1009 3800 1088 3868; x_wconf 78' lang='lat' dir='ltr'><strong>ergo</strong></span> <span class='ocrx_word' id='word_1_231' title='bbox 1109 3802 1168 3847; x_wconf 80' lang='lat' dir='ltr'><strong>ne</strong></span> <span class='ocrx_word' id='word_1_232' title='bbox 1201 3789 1250 3846; x_wconf 90' lang='grc' dir='ltr'><strong>εει</strong></span> <span class='ocrx_word' id='word_1_233' title='bbox 1273 3799 1339 3844; x_wconf 91' lang='lat' dir='ltr'><strong>una</strong></span> <span class='ocrx_word' id='word_1_234' title='bbox 1361 3797 1402 3843; x_wconf 80' lang='lat' dir='ltr'><strong>ex</strong></span> <span class='ocrx_word' id='word_1_235' title='bbox 1422 3775 1554 3845; x_wconf 88' lang='lat' dir='ltr'><strong>duabus</strong></span> <span class='ocrx_word' id='word_1_236' title='bbox 1588 3775 1692 3845; x_wconf 86' lang='lat' dir='ltr'><strong>bime·</strong></span> 
     </span>
     <span class='ocr_line' id='line_1_26' title="bbox 604 3903 1692 3992; baseline -0.001 -20"><span class='ocrx_word' id='word_1_237' title='bbox 604 3903 746 3972; x_wconf 89' lang='lat' dir='ltr'><strong>dialibus</strong></span> <span class='ocrx_word' id='word_1_238' title='bbox 782 3905 894 3980; x_wconf 85' lang='lat' dir='ltr'><strong>lineis,</strong></span> <span class='ocrx_word' id='word_1_239' title='bbox 928 3905 1052 3974; x_wconf 87' lang='lat' dir='ltr'><strong>scilicet</strong></span> <span class='ocrx_word' id='word_1_240' title='bbox 1090 3905 1181 3973; x_wconf 81' lang='lat' dir='ltr'><strong>radix</strong></span> <span class='ocrx_word' id='word_1_241' title='bbox 1216 3905 1313 3972; x_wconf 92' lang='lat' dir='ltr'><strong>unius</strong></span> <span class='ocrx_word' id='word_1_242' title='bbox 1335 3926 1375 3971; x_wconf 84' lang='lat' dir='ltr'><strong>ex</strong></span> <span class='ocrx_word' id='word_1_243' title='bbox 1406 3905 1596 3992; x_wconf 86' lang='lat' dir='ltr'><strong>compositis</strong></span> <span class='ocrx_word' id='word_1_244' title='bbox 1629 3925 1692 3971; x_wconf 93' lang='lat' dir='ltr'><strong>nu-</strong></span> 
     </span>
     <span class='ocr_line' id='line_1_27' title="bbox 604 4031 1697 4122; baseline -0.003 -21"><span class='ocrx_word' id='word_1_245' title='bbox 604 4035 701 4101; x_wconf 91' lang='lat' dir='ltr'><strong>moris</strong></span> <span class='ocrx_word' id='word_1_246' title='bbox 736 4033 943 4122; x_wconf 88' lang='lat' dir='ltr'><strong>supradictis.</strong></span> <span class='ocrx_word' id='word_1_247' title='bbox 986 4034 1069 4102; x_wconf 87' lang='lat' dir='ltr'><strong>Item</strong></span> <span class='ocrx_word' id='word_1_248' title='bbox 1108 4056 1149 4103; x_wconf 81' lang='lat' dir='ltr'><strong>ex</strong></span> <span class='ocrx_word' id='word_1_249' title='bbox 1186 4031 1289 4099; x_wconf 85' lang='lat' dir='ltr'><strong>ductu</strong></span> <span class='ocrx_word' id='word_1_250' title='bbox 1326 4054 1347 4100; x_wconf 85' lang='lat' dir='ltr'><strong>c</strong></span> <span class='ocrx_word' id='word_1_251' title='bbox 1387 4035 1404 4099; x_wconf 82' lang='lat' dir='ltr'><strong>b</strong></span> <span class='ocrx_word' id='word_1_252' title='bbox 1440 4033 1508 4100; x_wconf 90' lang='lat' dir='ltr'><strong>inse</strong></span> <span class='ocrx_word' id='word_1_253' title='bbox 1544 4033 1697 4120; x_wconf 89' lang='lat' dir='ltr'><strong>prouenit</strong></span> 
     </span>
     <span class='ocr_line' id='line_1_28' title="bbox 604 4157 1699 4249; baseline -0.005 -22"><span class='ocrx_word' id='word_1_254' title='bbox 604 4161 775 4228; x_wconf 88' lang='lat' dir='ltr'><strong>dimidium</strong></span> <span class='ocrx_word' id='word_1_255' title='bbox 790 4161 973 4249; x_wconf 83' lang='lat' dir='ltr'><strong>superficiei</strong></span> <span class='ocrx_word' id='word_1_256' title='bbox 997 4182 1012 4226; x_wconf 84' lang='lat' dir='ltr'><strong>e</strong></span> <span class='ocrx_word' id='word_1_257' title='bbox 1032 4172 1060 4236; x_wconf 90' lang='grc' dir='ltr'><strong>ι,</strong></span> <span class='ocrx_word' id='word_1_258' title='bbox 1079 4159 1202 4227; x_wconf 89' lang='lat' dir='ltr'><strong>scilicet</strong></span> <span class='ocrx_word' id='word_1_259' title='bbox 1219 4157 1408 4248; x_wconf 86' lang='lat' dir='ltr'><strong>superficies</strong></span> <span class='ocrx_word' id='word_1_260' title='bbox 1429 4161 1480 4235; x_wconf 75' lang='lat' dir='ltr'><strong>tt,</strong></span> <span class='ocrx_word' id='word_1_261' title='bbox 1500 4179 1565 4248; x_wconf 90' lang='lat' dir='ltr'><strong>que</strong></span> <span class='ocrx_word' id='word_1_262' title='bbox 1583 4177 1699 4244; x_wconf 92' lang='lat' dir='ltr'><strong>super-</strong></span> 
     </span>
     <span class='ocr_line' id='line_1_29' title="bbox 604 4285 1692 4376; baseline -0.005 -24"><span class='ocrx_word' id='word_1_263' title='bbox 604 4286 692 4356; x_wconf 84' lang='lat' dir='ltr'><strong>ficies</strong></span> <span class='ocrx_word' id='word_1_264' title='bbox 720 4289 862 4376; x_wconf 88' lang='lat' dir='ltr'><strong>aplioata</strong></span> <span class='ocrx_word' id='word_1_265' title='bbox 892 4303 941 4357; x_wconf 88' lang='lat' dir='ltr'><strong>est</strong></span> <span class='ocrx_word' id='word_1_266' title='bbox 974 4288 1057 4355; x_wconf 91' lang='lat' dir='ltr'><strong>linee</strong></span> <span class='ocrx_word' id='word_1_267' title='bbox 1081 4288 1272 4354; x_wconf 78' lang='lat' dir='ltr'><strong>ratiocinare</strong></span> <span class='ocrx_word' id='word_1_268' title='bbox 1295 4290 1305 4352; x_wconf 87' lang='grc' dir='ltr'><strong>ι</strong></span> <span class='ocrx_word' id='word_1_269' title='bbox 1328 4310 1359 4367; x_wconf 85' lang='lat' dir='ltr'><strong>e,</strong></span> <span class='ocrx_word' id='word_1_270' title='bbox 1383 4308 1448 4376; x_wconf 88' lang='lat' dir='ltr'><strong>que</strong></span> <span class='ocrx_word' id='word_1_271' title='bbox 1469 4296 1519 4352; x_wconf 89' lang='lat' dir='ltr'><strong>est</strong></span> <span class='ocrx_word' id='word_1_272' title='bbox 1535 4285 1692 4371; x_wconf 83' lang='lat' dir='ltr'><strong>quinque.</strong></span> 
     </span>
    </p>
   </div>
   <div class='ocr_carea' id='block_1_5' title="bbox 680 4565 904 4627">
    <p class='ocr_par' dir='ltr' id='par_1_6' title="bbox 680 4565 904 4627">
     <span class='ocr_line' id='line_1_30' title="bbox 680 4565 904 4627; baseline -0.031 -7"><span class='ocrx_word' id='word_1_273' title='bbox 680 4565 711 4624; x_wconf 78' lang='lat' dir='ltr'><strong>to</strong></span> <span class='ocrx_word' id='word_1_274' title='bbox 730 4565 793 4615; x_wconf 78' lang='lat' dir='ltr'><strong>vsu</strong></span> <span class='ocrx_word' id='word_1_275' title='bbox 811 4566 862 4627; x_wconf 77' lang='lat' dir='ltr'><strong>ug.</strong></span> <span class='ocrx_word' id='word_1_276' title='bbox 880 4565 904 4614; x_wconf 80' lang='lat' dir='ltr'><strong>a.</strong></span> 
     </span>
    </p>
   </div>
   <div class='ocr_carea' id='block_1_6' title="bbox 0 0 2093 5792">
    <p class='ocr_par' dir='ltr' id='par_1_7' title="bbox 0 0 2093 5792">
     <span class='ocr_line' id='line_1_31' title="bbox 0 0 2093 5792; baseline 0 0"><span class='ocrx_word' id='word_1_277' title='bbox 0 0 2093 5792; x_wconf 95' lang='lat' dir='ltr'><strong> </strong></span> 
     </span>
    </p>
   </div>
  </div>
 </body>
</html>
