4175 5792
502 723 567 786 4244

496 870 597 935 ciunt.
621 870 685 945 42,
710 880 742 935 et
766 871 971 939 nesscimus
995 892 1051 959 per
1078 894 1118 939 ea
1147 893 1212 963 que
1241 872 1330 940 dictu
1366 881 1464 947 sunt,
1502 865 1588 957 quod

495 995 627 1085 quando
648 996 690 1063 de
713 997 823 1087 aliquo
845 997 1008 1086 quadrato
1046 998 1213 1066 tolluntur.
1230 1001 1261 1064 7.
1275 997 1403 1066 radices
1436 998 1509 1065 eius
1532 997 1587 1062 mi-

496 1147 568 1192 nus.
581 1127 635 1192 42.
650 1127 829 1193 remanebit
852 1125 893 1193 de
916 1127 987 1215 ipso
1009 1125 1173 1215 quadrato
1210 1148 1369 1194 numerus
1396 1135 1586 1215 procreatus

494 1276 534 1321 ex
549 1253 679 1322 duobus
697 1256 842 1321 numeris
858 1254 1066 1343 {aequalibus
1083 1275 1227 1344 quorum
1248 1255 1353 1323 maior
1367 1254 1470 1322 addit.
1489 1258 1521 1322 4.
1535 1275 1587 1320 su·

495 1404 553 1470 per
575 1383 746 1448 minorem.
759 1383 801 1448 Et
817 1402 877 1449 nos
894 1384 1049 1452 uolumus
1067 1385 1213 1486 inuenire
1232 1384 1450 1474 quadratum,
1468 1380 1512 1449 de
1525 1400 1588 1470 quo

495 1510 650 1578 extractis
674 1509 870 1591 radicibus}
889 1514 909 1576 5
929 1511 1044 1599 ipsius,
1065 1523 1233 1579 remaneat
1256 1512 1406 1578 similiter
1428 1529 1585 1578 numerus

493 1650 685 1726 procreatus
706 1661 745 1706 ex
768 1637 899 1706 duobus
917 1640 1076 1715 numeris,
1096 1659 1238 1728 quorum
1258 1660 1345 1706 unus
1363 1637 1476 1705 addat.
1490 1641 1587 1704 bsu-

494 1788 552 1854 per
576 1767 688 1833 alium.
713 1769 801 1857 Ergo
823 1767 950 1834 radices
966 1769 1023 1850 45
1048 1768 1154 1855 ἱρείηςν
1171 1765 1324 1855 quadrati
1353 1786 1453 1855 quem
1481 1767 1589 1854 queri-

496 1917 583 1972 mus,
606 1908 771 1984 aquantur
789 1896 965 1963 radicibus.
990 1898 1021 1962 7.
1044 1895 1189 1963 eiusdem
1207 1893 1360 1985 quadrati
1379 1895 1501 1961 minus.
1523 1895 1589 1965 42..

491 2045 594 2112 quare
613 2025 639 2090 si
664 2023 837 2092 addamus.
852 2028 905 2093 42.
917 2025 1049 2113 utrique
1073 2024 1174 2112 partj,
1197 2033 1295 2091 erunt
1326 2021 1454 2089 radices
1475 2023 1493 2103 4
1516 2023 1537 2088 5
1558 2031 1589 2088 et

493 2151 536 2214 42
560 2148 708 2239 dragma,
732 2172 797 2241 que
815 2153 1032 2240 equantur.7.
1057 2149 1234 2218 radicibus.
1257 2151 1423 2217 Tollamus
1442 2169 1521 2239 ergo
1544 2148 1586 2215 ab

493 2289 632 2366 utraque
646 2290 740 2366 parte
752 2277 878 2346 radices
894 2280 911 2361 4
931 2282 960 2345 5.
980 2278 1160 2346 remanebit
1178 2278 1270 2346 radix
1287 2282 1305 2361 4
1323 2282 1335 2345 4
1352 2329 1359 2348 .
1378 2300 1444 2367 que
1463 2298 1587 2366 equan-

492 2415 548 2469 tur
572 2405 763 2472 unitatibus.
789 2409 841 2473 42.
866 2406 1078 2494 Triplioemus
1096 2426 1173 2494 ergo
1194 2405 1253 2472 bec
1276 2406 1403 2481 omnia,
1425 2415 1459 2472 et
1487 2417 1587 2472 erunt

491 2534 637 2622 quinque
653 2535 780 2602 radices
801 2536 945 2623 equales.
958 2537 1013 2605 36,
1028 2559 1036 2615 ;
1054 2534 1138 2602 vnde
1153 2535 1179 2601 si
1196 2536 1240 2601 36
1258 2533 1469 2601 diuiserimus
1489 2554 1550 2622 per
1569 2536 1589 2599 b

494 2661 717 2743 babebimus}
739 2664 769 2730 7.
795 2683 854 2750 pro
879 2661 987 2729 radice
1007 2665 1126 2751 quesiti
1144 2663 1316 2752 quadratj;
1338 2663 1462 2731 seilicet
1479 2665 1588 2751 primj.

493 2792 555 2857 fuit
577 2791 710 2881 quidem
728 2790 819 2857 radix
836 2792 931 2881 primj
953 2790 1118 2880 quadrati.
1130 2793 1185 2865 6.,
1206 2810 1284 2879 ergo
1300 2791 1589 2879 proportionaliter

493 2933 542 2990 est
565 2923 661 2988 sieut.
674 2924 706 2987 6.
720 2918 760 2985 ad
787 2922 801 2999 4
819 2922 855 2997 7,
871 2922 917 2987 ita
936 2924 957 2987 8
971 2931 1004 2988 et
1022 2921 1066 2988 24
1081 2918 1122 2986 ad
1139 2919 1283 2986 radicem
1299 2918 1434 3007 secundj
1451 2929 1485 2987 et
1501 2910 1587 3008 tertij

493 3049 655 3139 quadrati.
681 3048 742 3116 Sed
761 3052 777 3129 4
800 3051 819 3114 7
843 3049 933 3116 addit
957 3071 1055 3137 super
1080 3053 1122 3124 6,
1144 3047 1297 3136 quintam
1318 3057 1444 3134 partem
1465 3046 1592 3134 ipsius,

492 3200 606 3268 quare,
626 3179 652 3244 si
671 3200 772 3267 super
789 3179 810 3243 8
828 3190 861 3245 et
873 3198 972 3266 super
987 3176 1030 3243 24
1050 3174 1210 3242 addamus
1222 3174 1370 3263 quintam
1383 3194 1512 3246 eorum,
1530 3171 1588 3241 ba·

493 3307 644 3375 bebimus
663 3328 722 3395 pro
747 3306 856 3373 radice
879 3275 1014 3372 secundi
1054 3303 1205 3393 quadrati
1228 3307 1243 3384 4
1265 3305 1299 3377 9,
1322 3311 1356 3369 et
1388 3319 1448 3389 pro
1478 3301 1590 3368 radice

493 3437 577 3522 tertij
604 3441 617 3514 4
643 3439 702 3512 28,
726 3437 844 3503 eterit
868 3439 878 3514 4
903 3436 924 3499 9
947 3431 1112 3501 secundus
1135 3451 1292 3498 numerus
1314 3451 1354 3496 ex
1378 3429 1484 3496 tribus
1508 3450 1589 3518 que-

492 3563 562 3628 sitis
594 3565 754 3640 numeris,
778 3575 810 3631 et
833 3568 849 3643 4
871 3565 913 3629 28
948 3563 1010 3628 erit
1033 3562 1166 3636 tertius,
1189 3570 1221 3625 et
1244 3569 1292 3626 est
1317 3556 1425 3624 adhuc
1457 3558 1586 3645 primus

492 3710 648 3756 numerus
672 3692 816 3779 ignotus,
841 3692 897 3779 qui
921 3711 997 3757 cum
1018 3690 1025 3778 Ι
1044 3687 1139 3755 fuerit
1176 3685 1307 3752 additus
1330 3705 1407 3752 curn
1435 3684 1582 3752 secundo

493 3829 526 3883 et
550 3817 644 3883 tertio
668 3837 805 3883 numero
827 3816 995 3905 predictis,
1019 3826 1052 3883 et
1076 3836 1162 3907 oum*
1176 3813 1340 3903 quadrato
1364 3813 1466 3901 ipsius
1485 3814 1583 3901 primj

494 3947 635 4021 numeri,
652 3944 747 4011 faciet
763 3943 962 4032 quadratum
982 3943 1022 4010 de
1043 3946 1058 4022 4
1074 3945 1106 4018 7,
1128 3943 1186 4032 qui
1201 3941 1384 4031 quadratus
1397 3950 1446 4007 est
1462 3942 1508 4021 4-4
1530 3943 1584 4006 54.

494 4075 602 4152 Quare
625 4093 784 4162 ponemus
805 4092 862 4160 pro
884 4073 989 4160 primo
1014 4091 1150 4138 numero
1174 4068 1332 4146 radicem,
1361 4080 1394 4136 et
1423 4069 1587 4137 addemus

494 4221 565 4266 eam
584 4221 659 4266 cum
677 4203 692 4279 4
707 4201 728 4264 9
746 4210 778 4265 et
796 4219 873 4264 cum
890 4202 984 4279 428,
1003 4208 1034 4264 et
1056 4196 1251 4265 babebimus
1268 4195 1414 4263 radicem
1435 4200 1493 4278 et}
1512 4197 1586 4272 38,

492 4326 613 4414 quibus
629 4326 788 4393 addemus
806 4324 1004 4414 quadratum
1026 4323 1160 4398 radicis,
1179 4337 1211 4390 et
1232 4323 1426 4391 babebimus
1439 4321 1587 4412 quadra-

496 4466 564 4520 tum
581 4465 614 4521 et
637 4455 779 4521 radicem
795 4465 827 4521 et
843 4457 860 4534 4
877 4453 944 4529 38,
963 4473 1028 4540 que
1040 4462 1205 4542 equantur
1219 4451 1364 4540 dragmis
1381 4453 1426 4530 44
1446 4452 1481 4515 54
1493 4499 1499 4513 .
1511 4450 1587 4517 Toi-

495 4584 600 4649 iamus
622 4604 700 4671 ergo
722 4583 765 4651 ab
788 4594 926 4670 utraque
950 4583 1075 4667 parte}
1096 4580 1154 4651 38.
1180 4577 1359 4646 remanebit
1394 4596 1512 4646 census
1550 4592 1584 4645 et
