4175 5792
1559 707 1603 770 95

510 850 711 939 quadratum
747 862 859 918 autem·
880 874 900 918 z
925 850 1100 919 reddatur
1124 871 1280 917 numerus
1304 861 1315 915 t
1337 852 1375 924 lc,
1405 848 1500 915 faciet
1519 869 1599 937 qua·

508 977 640 1045 dratum
662 1003 683 1045 z
706 981 746 1055 lc,
769 990 802 1047 et
826 980 852 1045 si
876 985 894 1042 a
916 1003 936 1045 z
961 991 972 1045 1
993 979 1155 1068 quadrato
1186 977 1353 1045 auferatur
1376 987 1388 1042 1
1410 979 1443 1052 lc,
1466 974 1530 1042 hoo
1551 986 1600 1042 est

508 1109 565 1179 ti,
589 1107 769 1173 remanebit
790 1107 811 1174 z'
833 1110 846 1172 i
868 1105 1071 1196 quadratus,
1095 1125 1172 1195 ergo
1197 1125 1378 1193 congruum
1412 1115 1461 1170 est
1483 1105 1496 1168 i
1518 1114 1544 1178 l,
1566 1113 1599 1169 et

507 1242 692 1320 congruunt
710 1233 739 1300 ei
764 1243 830 1300 tres
853 1232 1020 1321 quadrari,
1045 1234 1101 1322 qui
1129 1242 1205 1299 sunt
1227 1255 1246 1298 z
1269 1236 1294 1305 i,
1318 1241 1350 1298 et
1372 1254 1393 1296 z
1418 1240 1440 1306 1,
1464 1239 1497 1296 31
1519 1251 1537 1293 z
1560 1236 1599 1303 le,

507 1381 574 1448 que
595 1359 768 1448 oportebat
801 1358 981 1428 oslendere.
1018 1361 1172 1428 Similiter
1202 1358 1390 1426 ostendetur
1426 1358 1597 1447 prouenire

507 1486 609 1563 idam,
631 1488 657 1552 si
679 1487 810 1577 aliquod
835 1509 1015 1577 congruum
1041 1509 1118 1554 oum
1141 1489 1209 1555 suis
1232 1486 1401 1577 quadratis
1430 1484 1597 1553 diuidatur
1704 1537 1706 1543 s

506 1637 565 1704 per
587 1615 730 1703 aliquem
752 1616 952 1705 quadratum
975 1638 1160 1683 numerum.

572 1745 655 1809 Volo
675 1742 820 1809 inuenire
839 1762 1021 1832 congruum
1043 1743 1137 1809 ouius
1155 1743 1274 1832 quinta
1300 1764 1375 1831 pars
1393 1745 1434 1808 sit
1455 1742 1593 1831 integra:

503 1871 546 1936 sit
569 1891 656 1936 unus
677 1892 717 1937 ex
743 1869 967 1937 adiacentibus
999 1870 1154 1937 numeris.
1181 1873 1211 1936 5.
1250 1871 1331 1937 alter
1361 1871 1403 1936 sit
1436 1893 1592 1939 numerus

501 1997 699 2087 quadratus,
723 1997 876 2064 facientes
899 1997 1109 2063 coniunctum
1132 2001 1240 2066 exeis
1263 2019 1436 2066 numerum
1452 2001 1594 2088 quadra-

502 2134 589 2200 tum,
612 2134 644 2190 et
665 2134 811 2190 extracto
834 2125 959 2190 minore
981 2143 1022 2189 ex
1060 2123 1183 2189 maiore
1213 2135 1377 2190 remaneat
1409 2123 1591 2212 quadratus

500 2271 668 2323 numerus.
692 2252 763 2318 llrit
786 2251 895 2340 itaque
919 2252 971 2318 ille
994 2250 1184 2340 quadratus.
1212 2252 1264 2328 1.,
1287 2271 1353 2340 qno
1377 2251 1489 2319 addito
1512 2274 1589 2321 oum

500 2377 653 2466 quinario
673 2377 759 2444 lacit.
775 2381 806 2444 9.
830 2380 887 2468 qui
913 2391 962 2445 est
985 2379 1182 2467 quadratus,
1207 2389 1239 2445 et
1261 2389 1418 2446 extracto,
1439 2378 1470 2445 l.
1494 2379 1544 2446 de.
1568 2383 1589 2446 ὅ

500 2509 772 2597 1·emanet.l.qui
796 2518 844 2574 ast
867 2509 966 2574 etiam
989 2506 1193 2596 quadratus3
1218 2507 1292 2576 dico
1314 2530 1353 2575 ex
1378 2507 1428 2574 his
1445 2511 1589 2576 numeris
1669 2573 1678 2584 ,

499 2633 726 2701 adiacentibus
750 2636 859 2723 egredi
890 2656 1094 2724 congruum,
1130 2637 1225 2702 ouius
1258 2636 1372 2724 quinta
1410 2658 1486 2726 pars
1527 2639 1589 2705 erit

497 2761 676 2849 quadrata:
702 2764 852 2850 prouenit
874 2765 960 2829 enim
984 2784 1165 2853 congruum
1202 2785 1242 2830 ex
1276 2763 1327 2830 his
1362 2768 1527 2841 numeris,
1549 2788 1589 2834 ex

500 2887 702 2956 dueta.l.in
718 2889 818 2976 duplo
838 2890 995 2978 quinarij,
1019 2891 1107 2979 quod
1133 2902 1237 2958 totum
1269 2893 1507 2981 multiplicatur
1531 2916 1587 2984 per

496 3013 635 3103 duplum
659 3019 880 3105 quaternarij,
906 3029 938 3083 et
962 3017 1040 3084 illud
1066 3018 1154 3107 quod
1183 3019 1348 3106 egreditur
1370 3022 1503 3088 ducitur
1530 3005 1601 3110 per'⁴

495 3145 726 3220 nouenarium,
747 3145 752 3235 Ι
774 3144 836 3211 hoo
855 3156 903 3212 est
922 3145 1138 3233 multiplicare
1159 3147 1378 3236 superficiem,
1398 3139 1463 3238 que
1482 3149 1519 3215 fit
1541 3151 1584 3218 ab
1605 3168 1738 3212 resumo.

495 3288 563 3334 uno
587 3271 619 3335 in
647 3271 748 3359 duplo
777 3274 939 3362 quinarij‚
960 3275 1008 3366 in
1042 3273 1249 3363 superficiem
1273 3298 1349 3366 'que
1381 3273 1419 3342 fit
1442 3281 1460 3338 a
1483 3275 1584 3365 duplo

493 3397 713 3484 quaternarij‚
733 3400 775 3464 in.
792 3402 824 3466 9.
848 3400 910 3467 hoo
930 3413 989 3470 est·
1013 3406 1067 3469 l0.
1092 3405 1134 3468 in.
1159 3405 1222 3482 72;
1244 3402 1299 3469 sed
1325 3425 1365 3468 ex
1382 3401 1484 3469 ductu
1504 3425 1584 3492 qua·

495 3523 627 3607 ternarij
650 3523 682 3588 iu
701 3529 916 3594 nouenarium
935 3529 1086 3617 prouenit
1104 3529 1285 3617 quadratus
1304 3551 1482 3606 numerus,
1506 3550 1583 3597 cum

494 3646 594 3713 ambo
613 3650 678 3714 sint
697 3650 861 3738 quadrati.
879 3655 965 3743 Ergo
980 3677 1020 3722 ex
1034 3655 1134 3723 ducto
1152 3655 1253 3745 duplo
1270 3657 1470 3745 quaternarij
1489 3659 1533 3724 in.
1547 3659 1578 3723 9.

493 3773 571 3840 iacit
589 3774 727 3864 duplum
747 3780 926 3869 quadrati,
949 3795 981 3849 et
1000 3804 1040 3849 ex
1060 3782 1162 3849 duolu
1181 3783 1270 3872 dupli
1292 3783 1444 3873 quadrati
1468 3785 1499 3850 in
1522 3785 1582 3850 du-

491 3903 546 3988 plo
569 3903 711 3992 quinarij
748 3911 900 3994 prouenit
932 3911 1154 4000 quadruplum
1188 3910 1340 3999 quadrati
1376 3912 1511 3978 ductum
1547 3913 1580 3976 in

491 4029 691 4116 quinarium.
715 4032 778 4100 Sed
800 4035 1020 4126 quadruplum
1040 4037 1193 4126 quadrati
1206 4037 1281 4104 lacit
1302 4037 1500 4126 quadratum
1520 4059 1579 4103 nu-

494 4178 643 4238 merum3
668 4181 746 4249 ergo
769 4163 990 4253 quadruplum
1014 4166 1166 4253 quadratj
1191 4166 1328 4233 ductum
1365 4166 1407 4231 in.
1447 4167 1477 4230 5.
1502 4165 1577 4232 lacit

491 4276 708 4374 quincuplum
733 4288 904 4376 quadrati,
926 4302 959 4356 et
981 4289 1083 4358 ductu
1113 4293 1291 4381 quincuplo
1322 4292 1399 4358 dicti
1427 4288 1470 4382 (l)
1497 4313 1576 4382 qua-

563 4503 597 4564 (11
613 4504 659 4554 Cio
675 4506 723 4554 che
740 4504 761 4553 si
777 4505 848 4567 lagga
864 4506 932 4555 nella
947 4509 1066 4568 presente
1087 4507 1192 4570 pagina,
1219 4507 1263 4555 lin.
1288 4505 1365 4561 WB
1390 4507 1456 4556 dalla
1480 4509 1568 4570 parola

496 4621 508 4645 a
526 4605 631 4654 doctum
648 4589 792 4654 »11333113
808 4605 917 4655 seconde
931 4619 949 4655 o
964 4605 1031 4655 dalla
1047 4609 1133 4668 pamla
1148 4621 1163 4656 «
1177 4609 1296 4668 quadrati
1314 4626 1327 4653 a
1350 4608 1430 4659 forma
1453 4611 1476 4660 le
1500 4610 1566 4660 lineo

494 4705 596 4754 settima
611 4717 625 4752 e
642 4709 727 4756 ottava
743 4706 809 4756 della
825 4711 893 4757 carta
909 4706 935 4756 31
954 4711 1021 4757 racto
1036 4707 1077 4758 del
1093 4707 1186 4758 Codice
1203 4709 1368 4760 umbrosiane
1383 4709 1413 4760 ll.
1430 4710 1476 4773 75,
1493 4711 1567 4763 Parta
