4175 5792
1538 696 1579 759 89

559 843 641 908 ltem
658 863 697 909 ex
713 828 814 910 ductu
834 867 853 910 z
869 848 882 909 i
900 821 932 909 in
950 845 970 910 lr
990 867 1036 924 m,
1053 845 1115 912 hoo
1131 854 1179 912 est
1194 844 1243 911 de.
1257 847 1277 910 6
1290 844 1332 909 in.
1348 843 1417 916 to,
1431 842 1581 928 prouenit
1673 785 1693 909 ‚x

491 970 595 1047 240„
616 967 678 1036 hoc
700 982 749 1035 est
776 995 800 1060 p
824 994 843 1060 q
872 984 921 1040 est
951 995 1081 1040 summa
1108 995 1164 1040 sex
1184 973 1357 1062 imparium
1376 970 1580 1038 existentium

489 1098 589 1163 circa.
605 1098 672 1174 to,
692 1100 839 1187 quisunt
857 1101 940 1166 inter
952 1103 970 1166 lt
982 1125 1004 1166 n
1016 1112 1049 1168 et
1068 1104 1126 1178 lto,
1145 1100 1208 1167 hoc
1220 1111 1269 1167 est
1286 1100 1378 1165 inter.
1394 1098 1446 1163 34.
1462 1108 1504 1164 et.
1528 1098 1579 1161 46.

492 1227 543 1290 Ex
564 1228 708 1293 numeris
731 1228 863 1316 quidem
895 1230 1096 1318 imparibus,
1132 1231 1288 1318 quisunt
1319 1227 1361 1294 ab
1388 1247 1454 1293 uno
1476 1248 1580 1314 usque

494 1353 527 1416 in
552 1375 726 1421 numerum
749 1356 820 1430 tt,
844 1358 967 1425 scilieet
991 1359 1033 1423 in.
1049 1359 1107 1433 ll,
1128 1357 1277 1446 prouenit
1299 1377 1363 1430 ro,
1387 1365 1419 1420 et
1437 1364 1495 1420 est.
1515 1353 1582 1425 tlt,

490 1482 572 1568 quia
595 1482 638 1548 ab
655 1503 720 1550 uno
740 1506 844 1573 usque
864 1486 896 1551 in
916 1486 968 1552 tt.
984 1497 1062 1553 sunt
1088 1495 1211 1572 septem
1231 1483 1357 1549 numeri
1379 1482 1532 1569 impares,
1551 1492 1583 1546 et

489 1617 569 1673 sunt
591 1608 678 1675 eirca
693 1613 1054 1700 septenarium-quare
1072 1633 1112 1678 ex
1127 1610 1229 1678 ductu
1250 1608 1256 1698 Ι
1277 1610 1307 1674 7.
1332 1609 1374 1674 in.
1388 1610 1418 1673 7.
1432 1609 1583 1694 prouenit
1604 1614 1634 1660 so.
1648 1617 1737 1650 ”1⁸⁶⁰-

491 1753 625 1798 summa
641 1734 832 1822 imparium,
849 1739 906 1826 qui
926 1737 1061 1804 suntab
1080 1757 1147 1803 uuo
1168 1758 1272 1824 usque
1293 1737 1334 1801 in.
1354 1736 1407 1803 tt.
1427 1736 1513 1824 Ergo
1531 1757 1583 1801 ro

492 1873 543 1927 est
566 1862 758 1949 quadratus.
778 1866 826 1930 Ex
845 1863 1055 1932 multitudine
1069 1865 1201 1953 quidem
1223 1864 1410 1954 imparium,
1431 1865 1584 1951 quisunt

493 1991 579 2056 inter
602 1993 621 2055 lt
644 1991 711 2057 tet
732 1994 799 2067 lan,
820 1993 971 2081 prouenit
988 2015 1051 2081 op.
1078 1993 1164 2080 Ergo
1186 2014 1226 2058 ex
1250 1990 1457 2058 multitudine
1475 1992 1582 2078 impa-

493 2116 595 2193 rium,
615 2119 672 2206 qui
692 2130 768 2184 sunt
788 2119 831 2186 ab
846 2140 911 2186 uno
930 2141 1035 2208 usquo
1055 2120 1086 2183 in
1110 2121 1182 2194 lto,
1200 2119 1322 2185 scilicet
1347 2119 1389 2182 in.
1410 2119 1486 2193 3t.,
1510 2138 1584 2205 pro-

493 2248 584 2311 uenit
607 2265 764 2311 numerus
781 2266 854 2333 rp,
874 2255 905 2310 et
926 2257 1002 2312 sunt
1021 2246 1067 2310 illi
1082 2247 1209 2312 numeri
1228 2248 1378 2335 impares.
1397 2247 1449 2312 t7.
1468 2296 1474 2321 ,
1501 2264 1583 2334 quo-

492 2392 567 2436 rum
590 2391 720 2436 summa
742 2373 847 2460 surgit
870 2393 910 2438 ex
929 2372 1041 2439 ductu.
1063 2375 1115 2438 ll.
1136 2373 1170 2438 iu
1188 2395 1244 2452 se;
1264 2391 1341 2461 ergo
1360 2395 1377 2437 r
1391 2396 1417 2461 p
1436 2383 1486 2439 est
1504 2394 1585 2461 qun-

489 2498 621 2574 dratus‚
642 2510 675 2566 et
698 2509 757 2566 est.
777 2501 854 2566 289.
873 2502 954 2566 Nem
975 2500 1087 2567 addito
1106 2523 1125 2565 r
1142 2524 1159 2566 o
1178 2522 1255 2568 oum
1274 2524 1353 2590 op.
1376 2503 1507 2569 scilicet.
1533 2503 1585 2568 to.

491 2649 569 2695 oum
587 2630 663 2695 tto.
680 2627 813 2695 faciunt.
838 2631 913 2696 289.
931 2679 938 2704 ,
958 2651 1100 2718 quorum
1121 2628 1212 2695 radix
1234 2640 1294 2697 est.
1315 2633 1368 2696 ll.
1392 2630 1516 2697 scilieet
1538 2629 1586 2695 di-

490 2756 630 2822 midium
654 2760 672 2822 lt
694 2780 726 2823 n.
758 2759 839 2824 Item
873 2780 912 2824 ex
937 2757 1145 2824 multitudine
1169 2779 1383 2824 numerorum
1420 2760 1476 2826 inb
1509 2771 1585 2826 sunt

491 2885 578 2951 inter
600 2885 620 2950 t
642 2907 663 2950 n
688 2897 718 2952 et
742 2888 809 2956 lte.
833 2887 984 2973 prouenit
1009 2907 1164 2953 numerus
1190 2909 1214 2973 p
1242 2908 1282 2974 q,
1307 2888 1364 2972 qui
1388 2900 1436 2954 est
1459 2887 1584 2977 equalis

492 3034 631 3079 numero
647 3036 720 3100 op,
736 3024 785 3079 est
800 3014 897 3079 enim.
920 3014 997 3079 tto,
1017 3014 1104 3100 Ergo
1120 3034 1160 3078 ex
1179 3013 1386 3082 multitudine
1409 3016 1583 3103 imparium

492 3142 552 3230 qui
575 3152 652 3206 sunt
675 3139 718 3207 ab
741 3161 807 3206 uno
830 3163 934 3228 usque
960 3141 1001 3204 in.
1027 3142 1079 3207 to.
1101 3141 1252 3228 prouenit
1274 3164 1432 3208 uumerus
1454 3165 1528 3231 νᾳ,
1552 3154 1585 3209 et

493 3278 545 3334 est
567 3266 770 3356 quadratus,
794 3268 889 3332 ouius
908 3266 999 3332 radix
1017 3277 1067 3333 est
1090 3266 1260 3333 dimidium
1279 3270 1405 3335 numeri
1428 3268 1504 3347 lto,
1523 3270 1584 3334 soi-

495 3394 580 3460 licet.
600 3396 653 3461 23.
672 3396 754 3460 Nam
772 3394 922 3482 additop
941 3418 960 3482 q
981 3415 1080 3482 super
1095 3416 1112 3458 r
1128 3421 1166 3485 p,
1186 3393 1309 3461 scilieet
1329 3397 1406 3464 240.
1424 3417 1500 3462 oum
1519 3398 1583 3462 289

493 3522 627 3589 faciunt.
655 3524 730 3587 529.
749 3542 891 3611 quorum
917 3522 1009 3588 radix
1026 3536 1085 3590 est.
1105 3526 1159 3590 23.

562 3653 624 3717 Snn
641 3651 667 3716 si
692 3651 859 3739 proportio
880 3673 900 3738 φ
921 3654 939 3716 b
963 3650 1004 3716 ad
1025 3654 1042 3716 l
1066 3674 1086 3719 a
1107 3654 1210 3720 maior
1237 3653 1445 3742 proportione
1465 3672 1519 3739 ap
1543 3650 1583 3716 ad

446 3806 448 3813 ·
491 3800 514 3866 9
548 3779 588 3854 d,
613 3789 645 3844 et
668 3777 710 3843 sit
733 3779 850 3844 iterum
874 3798 1032 3844 numerus
1055 3800 1075 3844 a
1098 3801 1117 3861 p
1140 3801 1219 3867 par,
1243 3777 1317 3845 dieo
1342 3776 1495 3867 possibile
1518 3798 1587 3844 esso

494 3906 641 3972 inuenire
663 3904 746 3973 duas
774 3905 998 3972 multitudines
1034 3908 1210 3996 imparium
1234 3908 1408 3974 continuas
1431 3907 1595 3975 facientes.

494 4052 677 4121 congruum
698 4034 730 4099 in
746 4035 956 4122 proportione
973 4057 1074 4122 quam
1093 4034 1192 4102 habet
1209 4057 1367 4103 numerus
1389 4057 1409 4101 a
1432 4056 1452 4117 p
1469 4031 1511 4098 ad
1526 4051 1586 4097 nu-

498 4181 624 4226 merum
639 4182 661 4247 p
676 4165 704 4227 d.
724 4162 766 4226 Et
785 4173 821 4228 ut
844 4162 998 4252 liquidius
1022 4175 1178 4252 apparent
1197 4163 1238 4229 sit
1261 4184 1281 4230 o
1305 4165 1333 4229 ὁ.
1358 4162 1388 4238 l,
1412 4171 1444 4227 et
1469 4163 1530 4243 lp.
1554 4159 1585 4224 3.

496 4309 599 4376 quare
632 4300 776 4375 apest.
802 4290 831 4355 l.
856 4302 888 4357 et
914 4291 974 4378 dp
997 4301 1057 4359 est.
1082 4295 1112 4360 2.
1147 4302 1180 4357 et
1210 4290 1444 4378 multiplicetur
1466 4309 1488 4356 a
1510 4308 1529 4370 p
1554 4287 1585 4353 in

497 4416 575 4493 ab,
603 4417 773 4504 proueniat
796 4439 811 4481 e
832 4429 927 4494 z,et
950 4440 989 4485 ex
1011 4441 1032 4485 a
1057 4420 1075 4484 l>
1098 4421 1172 4486 ind
1190 4441 1211 4506 p
1242 4418 1412 4506 proueniat
1435 4439 1452 4481 z
1476 4418 1502 4492 i,
1537 4427 1585 4481 est

496 4563 573 4632 ergo
600 4556 717 4630 utop
743 4543 887 4631 adalp,
914 4544 1102 4613 itaezad
1135 4548 1203 4615 zi.
1229 4542 1527 4632 etquinabest.
1555 4544 1583 4607 l.

1329 4690 1360 4741 tt
