4175 5792
1603 713 1638 779 li

562 864 631 921 tum
644 853 778 922 maioris
789 855 1018 931 radicis‚sicuti
1030 825 1214 946 quadratus
1227 875 1383 924 numerus
1394 858 1436 924 ad
1448 857 1646 947 quadratum

558 998 746 1060 numerum,
769 993 806 1049 ut
827 993 877 1050 est
898 984 1118 1072 compositum
1140 1006 1180 1052 ex
1198 984 1309 1052 radico
1327 987 1485 1073 octonarij
1502 997 1542 1053 'ot
1561 985 1647 1052 radi-

561 1130 599 1180 ca
612 1110 766 1202 quinarij.
785 1112 910 1177 Horum
928 1111 1052 1200 quippe
1066 1130 1122 1178 sax
1142 1110 1361 1179 binomiorum
1382 1113 1508 1180 radices
1524 1112 1648 1181 baben-

560 1247 615 1304 tur
637 1259 678 1305 ex
699 1235 813 1305 ordine
833 1238 891 1305 sic.
914 1238 1013 1304 Primi
1035 1236 1170 1327 quidem
1193 1239 1328 1326 binomij
1354 1237 1447 1315 radix
1469 1246 1518 1306 bet
1538 1239 1649 1329 aliqua
1686 1248 1769 1309 ΝΡ·

558 1384 600 1431 ex
617 1364 771 1452 predictis
792 1385 850 1432 sex
871 1365 966 1432 lincis
988 1365 1165 1454 binomiJ's,
1199 1366 1277 1456 quia
1300 1385 1378 1432 oum
1411 1365 1649 1454 multiplicatur

560 1513 717 1560 numerus
739 1493 925 1560 binomialis
945 1493 1026 1571 inse,
1050 1495 1205 1560 nimirum
1223 1514 1263 1561 ex
1287 1493 1357 1582 ipsa
1379 1493 1648 1586 multiplicatione

559 1622 702 1709 primum
725 1620 908 1688 binomium
931 1622 1045 1712 surgit.
1071 1619 1174 1689 lladix
1196 1620 1318 1709 quippe
1345 1619 1480 1687 secundi
1512 1620 1645 1709 binomij

461 1773 467 1799 ·
500 1774 520 1823 ,ι
558 1746 679 1815 dicitur
700 1747 884 1816 bimedialis
907 1749 1034 1839 prima,
1058 1768 1123 1838 que
1145 1747 1353 1835 componitur
1381 1768 1422 1815 ex
1443 1746 1574 1815 duabus
1596 1768 1647 1814 ra·
1684 1745 1771 1809 2³13.ss

559 1874 689 1944 dicibus
707 1875 827 1943 radicis
842 1878 987 1966 potentia
1011 1878 1120 1945 solum
1136 1875 1490 1944 commensurabilibus
1508 1876 1516 1964 Ι
1535 1897 1649 1943 nume·
1687 1901 1771 1947 crat.

558 2026 634 2073 rum
649 2005 905 2082 continentibus.
929 2003 992 2073 boc
1015 2016 1066 2072 est
1088 2024 1165 2072 cum
1190 2003 1427 2093 multiplicatur
1450 2024 1515 2070 una
1533 2024 1648 2070 earum

490 2215 493 2222 Ι
559 2133 594 2199 ἰιι
617 2133 716 2199 aliam
739 2134 891 2221 prouenit
914 2133 989 2201 inde
1011 2152 1169 2200 numerus
1191 2133 1418 2206 ratiocinatus,
1441 2142 1479 2198 ut
1497 2131 1524 2197 si
1543 2131 1649 2219 prima

559 2258 656 2327 luerit
679 2259 771 2326 radix
793 2259 913 2327 radicis
931 2260 982 2328 de.
1001 2278 1064 2326 viu.
1095 2270 1128 2328 et
1151 2261 1215 2327 alia
1234 2260 1328 2327 radix
1356 2258 1475 2326 radicis
1492 2258 1648 2336 duorum,

561 2386 713 2475 prouenit
734 2406 775 2453 ex
802 2405 916 2452 aarum
938 2388 1209 2476 multiplicatione
1235 2386 1328 2454 radix
1349 2385 1473 2454 'radicis
1490 2384 1541 2453 de.
1560 2402 1647 2460 xvi,

559 2512 683 2580 scilicet
705 2532 736 2579 11.
759 2511 854 2600 Tertij
873 2523 983 2582 autem
1007 2513 1143 2602 binomij
1164 2505 1256 2581 radix
1271 2524 1321 2582 est
1343 2514 1511 2602 lineaque
1529 2512 1649 2578 dicitur
1686 2514 1769 2576 otti

463 2663 472 2688 ⁸
506 2664 524 2710 ‚⁸
562 2639 746 2709 bimcdialis
775 2641 940 2718 munda,
970 2663 1035 2731 quc
1068 2643 1276 2730 componitur
1305 2662 1345 2708 ex
1373 2639 1505 2708 duabus
1534 2637 1650 2705 rudici-

561 2766 625 2835 bns
648 2766 768 2835 radicis
790 2767 936 2856 potentia
973 2769 1081 2835 solum
1109 2766 1463 2836 commensurabilibus
1486 2763 1651 2859 medium,

559 2893 683 2963 scilicet
706 2893 850 2961 radicem
872 2896 1013 2970 numeri,
1033 2895 1293 2973 continentibus,
1316 2892 1380 2962 boc
1401 2905 1544 2962 osteum
1565 2893 1651 2961 mul-

561 3020 728 3109 tiplicatur
749 3041 817 3086 una
838 3034 952 3087 earum
977 3026 1010 3086 in
1032 3021 1144 3098 aliam,
1164 3021 1196 3088 id
1212 3020 1302 3110 quod
1320 3021 1473 3111 prouenit
1488 3030 1538 3088 est
1555 3019 1648 3086 radix

561 3147 690 3213 numeri
712 3166 779 3214 non
798 3147 967 3237 quadrati,
982 3157 1019 3215 ut
1046 3150 1074 3215 si
1094 3149 1200 3237 prima
1214 3149 1312 3216 fuerit
1334 3149 1427 3215 radix
1443 3146 1571 3214 radicis.
1593 3166 1646 3212 xu.

560 3274 710 3342 Secunda
729 3275 822 3342 radix
845 3274 965 3344 radicis
987 3277 1112 3355 trium,
1133 3297 1173 3344 ox
1198 3294 1340 3364 quarum
1380 3272 1649 3362 multiplicatione

560 3401 666 3490 surgit
701 3402 734 3468 ib
768 3401 912 3470 radicem
947 3404 1109 3491 oexnarij,
1142 3402 1266 3470 scilicet
1296 3403 1328 3468 in
1351 3400 1496 3469 radicem
1530 3399 1649 3468 radicis

559 3526 610 3593 de.
640 3548 745 3595 xxxvl.
780 3530 895 3609 Quarti
928 3550 1062 3620 quoque
1096 3512 1230 3616 binomij
1268 3529 1360 3596 radix
1389 3539 1438 3597 est
1468 3529 1554 3597 linea
1583 3550 1648 3618 que
1684 3528 1767 3589 Btt.i

560 3651 680 3720 dicitur
702 3656 821 3732 maior,
845 3666 910 3744 que
931 3656 1140 3746 componitur
1161 3678 1201 3723 ex
1223 3655 1355 3725 duabus
1376 3656 1469 3724 lineis
1504 3657 1648 3746 potentia
1687 3677 1725 3722 u·
1743 3675 1771 3725 u

560 3777 1103 3872 incommensurabilibue‚quarum
1116 3783 1270 3872 quadrati
1282 3782 1413 3851 insimul
1424 3784 1590 3851 coniuncti
1602 3782 1648 3848 ia-

559 3905 652 3972 ciunt
674 3926 847 3975 numerum
869 3910 1123 3987 ratiocinatum,
1147 3920 1180 3977 ot
1197 3932 1238 3978 ex
1259 3911 1529 4000 multiplicatione
1550 3911 1648 3975 unius

560 4033 594 4098 in
616 4032 715 4098 aliam
738 4037 890 4120 prouenit
912 4054 1071 4105 uumerus
1094 4038 1363 4115 inratiocinatue‚
1401 4037 1524 4104 scilicet
1556 4033 1649 4101 radix

559 4161 700 4228 numeri.
723 4163 762 4229 Vt
783 4162 811 4230 si
834 4165 940 4251 prima
972 4165 1071 4232 luerit
1108 4165 1201 4232 radix
1222 4165 1273 4233 de.
1297 4185 1374 4243 uu„
1406 4177 1440 4235 et
1467 4186 1508 4232 ex
1540 4162 1649 4231 radice

560 4287 753 4365 da.x111.,et
776 4291 840 4357 alia
866 4292 963 4360 fuerit
990 4292 1084 4360 radix
1110 4294 1160 4362 de.
1173 4314 1245 4373 run,
1261 4297 1369 4362 minus
1390 4293 1499 4361 radico
1516 4293 1567 4361 de.
1583 4314 1648 4361 χιιι.

562 4417 673 4495 Quinti
696 4417 856 4508 siquidem
881 4417 1015 4508 binomij
1040 4420 1133 4487 radix
1155 4434 1204 4488 est
1227 4421 1312 4488 linea
1335 4442 1400 4510 quo
1422 4421 1542 4489 dicitur
1564 4422 1649 4487 riton

563 4551 595 4608 et
619 4543 763 4610 medium
788 4555 919 4634 potens,
947 4543 1011 4611 boo
1033 4555 1083 4611 est
1105 4566 1203 4634 super
1220 4547 1450 4613 ratiocinatum
1467 4556 1498 4614 et
1515 4548 1648 4613 iuratio-

563 4669 708 4739 cinatum
734 4693 924 4750 numerum,
947 4693 1011 4761 quo
1034 4675 1243 4760 componitur
1265 4696 1304 4741 ex
1327 4674 1457 4742 duabus
1479 4675 1572 4743 lineis
1594 4696 1652 4765 pc
