<?xml version="1.0" encoding="UTF-8"?>
<!DOCTYPE html PUBLIC "-//W3C//DTD XHTML 1.0 Transitional//EN"
    "http://www.w3.org/TR/xhtml1/DTD/xhtml1-transitional.dtd">
<html xmlns="http://www.w3.org/1999/xhtml" xml:lang="en" lang="en">
 <head>
  <title>
</title>
<meta http-equiv="Content-Type" content="text/html;charset=utf-8" />
  <meta name='ocr-system' content='tesseract 3.04.00' />
  <meta name='ocr-capabilities' content='ocr_page ocr_carea ocr_par ocr_line ocrx_word'/>
</head>
<body>
  <div class='ocr_page' id='page_1' title='image "./opuscolidileona00fibogoog_0121.png"; bbox 0 0 4175 5792; ppageno 0'>
   <div class='ocr_carea' id='block_1_1' title="bbox 1539 707 1729 791">
    <p class='ocr_par' dir='ltr' id='par_1_1' title="bbox 1539 707 1729 791">
     <span class='ocr_line' id='line_1_1' title="bbox 1539 707 1729 791; baseline -0.042 0"><span class='ocrx_word' id='word_1_1' title='bbox 1539 707 1729 791; x_wconf 78' lang='lat'>93..</span> 
     </span>
    </p>
   </div>
   <div class='ocr_carea' id='block_1_2' title="bbox 491 854 1677 3101">
    <p class='ocr_par' dir='ltr' id='par_1_2' title="bbox 491 854 1677 3101">
     <span class='ocr_line' id='line_1_2' title="bbox 496 854 1581 945; baseline -0.002 -27"><span class='ocrx_word' id='word_1_2' title='bbox 496 863 546 918; x_wconf 87' lang='lat' dir='ltr'>cst</span> <span class='ocrx_word' id='word_1_3' title='bbox 564 864 597 918; x_wconf 92' lang='lat' dir='ltr'>et</span> <span class='ocrx_word' id='word_1_4' title='bbox 611 862 670 918; x_wconf 83' lang='lat' dir='ltr'>est.</span> <span class='ocrx_word' id='word_1_5' title='bbox 684 855 727 920; x_wconf 73' lang='lat' dir='ltr'>at</span> <span class='ocrx_word' id='word_1_6' title='bbox 745 856 871 941; x_wconf 89' lang='lat' dir='ltr'>primus</span> <span class='ocrx_word' id='word_1_7' title='bbox 889 876 1087 945; x_wconf 83' lang='lat' dir='ltr'>congruum,</span> <span class='ocrx_word' id='word_1_8' title='bbox 1108 855 1195 944; x_wconf 94' lang='lat' dir='ltr'>quod</span> <span class='ocrx_word' id='word_1_9' title='bbox 1223 854 1360 940; x_wconf 84' lang='lat' dir='ltr'>inuenirj</span> <span class='ocrx_word' id='word_1_10' title='bbox 1379 863 1485 941; x_wconf 91' lang='lat' dir='ltr'>potest</span> <span class='ocrx_word' id='word_1_11' title='bbox 1507 873 1581 918; x_wconf 89' lang='lat' dir='ltr'>curu</span> 
     </span>
     <span class='ocr_line' id='line_1_3' title="bbox 496 976 1583 1069; baseline 0.002 -29"><span class='ocrx_word' id='word_1_12' title='bbox 496 976 630 1064; x_wconf 80' lang='lat' dir='ltr'>integris</span> <span class='ocrx_word' id='word_1_13' title='bbox 647 977 816 1066; x_wconf 88' lang='lat' dir='ltr'>quadratis</span> <span class='ocrx_word' id='word_1_14' title='bbox 833 983 993 1056; x_wconf 89' lang='lat' dir='ltr'>numeris,</span> <span class='ocrx_word' id='word_1_15' title='bbox 1005 993 1037 1048; x_wconf 91' lang='lat' dir='ltr'>et</span> <span class='ocrx_word' id='word_1_16' title='bbox 1054 981 1096 1047; x_wconf 88' lang='lat' dir='ltr'>ab</span> <span class='ocrx_word' id='word_1_17' title='bbox 1112 982 1182 1069; x_wconf 93' lang='lat' dir='ltr'>ipso</span> <span class='ocrx_word' id='word_1_18' title='bbox 1198 981 1241 1047; x_wconf 73' lang='lat' dir='ltr'>at</span> <span class='ocrx_word' id='word_1_19' title='bbox 1258 989 1454 1068; x_wconf 74' lang='lat' dir='ltr'>generantur</span> <span class='ocrx_word' id='word_1_20' title='bbox 1472 978 1583 1044; x_wconf 90' lang='lat' dir='ltr'>omnia</span> 
     </span>
     <span class='ocr_line' id='line_1_4' title="bbox 496 1104 1582 1195; baseline 0 -27"><span class='ocrx_word' id='word_1_21' title='bbox 496 1122 652 1192; x_wconf 81' lang='lat' dir='ltr'>congrua.</span> <span class='ocrx_word' id='word_1_22' title='bbox 671 1104 828 1182; x_wconf 83' lang='lat' dir='ltr'>Quotiens</span> <span class='ocrx_word' id='word_1_23' title='bbox 843 1108 1007 1173; x_wconf 65' lang='grc'><strong>1111111121.</strong></span> <span class='ocrx_word' id='word_1_24' title='bbox 1022 1107 1293 1195; x_wconf 84' lang='lat' dir='ltr'>multiplicabitur</span> <span class='ocrx_word' id='word_1_25' title='bbox 1313 1127 1370 1195; x_wconf 88' lang='lat' dir='ltr'>per</span> <span class='ocrx_word' id='word_1_26' title='bbox 1381 1104 1582 1193; x_wconf 87' lang='lat' dir='ltr'>quadratum</span> 
     </span>
     <span class='ocr_line' id='line_1_5' title="bbox 495 1231 1583 1323; baseline -0.001 -29"><span class='ocrx_word' id='word_1_27' title='bbox 495 1251 684 1306; x_wconf 89' lang='lat' dir='ltr'>numerum,</span> <span class='ocrx_word' id='word_1_28' title='bbox 704 1233 822 1299; x_wconf 92' lang='lat' dir='ltr'>totiens</span> <span class='ocrx_word' id='word_1_29' title='bbox 836 1254 1019 1323; x_wconf 84' lang='lat' dir='ltr'>congruum</span> <span class='ocrx_word' id='word_1_30' title='bbox 1039 1234 1284 1321; x_wconf 80' lang='lat' dir='ltr'>procreabitur,</span> <span class='ocrx_word' id='word_1_31' title='bbox 1302 1245 1334 1299; x_wconf 93' lang='lat' dir='ltr'>et</span> <span class='ocrx_word' id='word_1_32' title='bbox 1358 1242 1453 1298; x_wconf 91' lang='lat' dir='ltr'>erunt</span> <span class='ocrx_word' id='word_1_33' title='bbox 1477 1231 1583 1296; x_wconf 90' lang='lat' dir='ltr'>minor</span> 
     </span>
     <span class='ocr_line' id='line_1_6' title="bbox 495 1356 1585 1450; baseline 0 -28"><span class='ocrx_word' id='word_1_34' title='bbox 495 1356 678 1445; x_wconf 87' lang='lat' dir='ltr'>quadratus</span> <span class='ocrx_word' id='word_1_35' title='bbox 689 1381 728 1425; x_wconf 81' lang='lat' dir='ltr'>ex</span> <span class='ocrx_word' id='word_1_36' title='bbox 741 1360 846 1427; x_wconf 92' lang='lat' dir='ltr'>tribus</span> <span class='ocrx_word' id='word_1_37' title='bbox 860 1361 1047 1450; x_wconf 87' lang='lat' dir='ltr'>quadratis,</span> <span class='ocrx_word' id='word_1_38' title='bbox 1060 1361 1181 1450; x_wconf 92' lang='lat' dir='ltr'>quibus</span> <span class='ocrx_word' id='word_1_39' title='bbox 1195 1361 1344 1449; x_wconf 85' lang='lat' dir='ltr'>congruit</span> <span class='ocrx_word' id='word_1_40' title='bbox 1360 1361 1428 1447; x_wconf 91' lang='lat' dir='ltr'>ipse</span> <span class='ocrx_word' id='word_1_41' title='bbox 1443 1358 1509 1435; x_wconf 89' lang='lat' dir='ltr'>ille,</span> <span class='ocrx_word' id='word_1_42' title='bbox 1528 1379 1585 1446; x_wconf 93' lang='lat' dir='ltr'>per</span> 
     </span>
     <span class='ocr_line' id='line_1_7' title="bbox 495 1484 1584 1574; baseline 0.003 -28"><span class='ocrx_word' id='word_1_43' title='bbox 495 1501 595 1569; x_wconf 90' lang='lat' dir='ltr'>quem</span> <span class='ocrx_word' id='word_1_44' title='bbox 617 1484 899 1573; x_wconf 83' lang='lat' dir='ltr'>multiplicabitur.</span> <span class='ocrx_word' id='word_1_45' title='bbox 913 1488 967 1553; x_wconf 69' lang='lat' dir='ltr'>at.</span> <span class='ocrx_word' id='word_1_46' title='bbox 980 1487 1104 1554; x_wconf 82' lang='lat' dir='ltr'>Medius</span> <span class='ocrx_word' id='word_1_47' title='bbox 1121 1499 1231 1553; x_wconf 88' lang='lat' dir='ltr'>autem</span> <span class='ocrx_word' id='word_1_48' title='bbox 1246 1485 1427 1574; x_wconf 89' lang='lat' dir='ltr'>quadratus</span> <span class='ocrx_word' id='word_1_49' title='bbox 1445 1487 1505 1551; x_wconf 91' lang='lat' dir='ltr'>erit</span> <span class='ocrx_word' id='word_1_50' title='bbox 1525 1506 1584 1550; x_wconf 92' lang='lat' dir='ltr'>nu-</span> 
     </span>
     <span class='ocr_line' id='line_1_8' title="bbox 495 1610 1585 1701; baseline 0.006 -31"><span class='ocrx_word' id='word_1_51' title='bbox 495 1627 620 1684; x_wconf 91' lang='lat' dir='ltr'>merus,</span> <span class='ocrx_word' id='word_1_52' title='bbox 640 1610 696 1697; x_wconf 90' lang='lat' dir='ltr'>qui</span> <span class='ocrx_word' id='word_1_53' title='bbox 713 1612 942 1698; x_wconf 87' lang='lat' dir='ltr'>procreabitur</span> <span class='ocrx_word' id='word_1_54' title='bbox 956 1635 996 1680; x_wconf 86' lang='lat' dir='ltr'>ex</span> <span class='ocrx_word' id='word_1_55' title='bbox 1009 1614 1079 1701; x_wconf 86' lang='lat' dir='ltr'>ipso</span> <span class='ocrx_word' id='word_1_56' title='bbox 1100 1613 1263 1701; x_wconf 91' lang='lat' dir='ltr'>quadrato</span> <span class='ocrx_word' id='word_1_57' title='bbox 1276 1611 1376 1677; x_wconf 89' lang='lat' dir='ltr'>ducto</span> <span class='ocrx_word' id='word_1_58' title='bbox 1391 1612 1433 1676; x_wconf 93' lang='lat' dir='ltr'>in.</span> <span class='ocrx_word' id='word_1_59' title='bbox 1446 1613 1499 1678; x_wconf 71' lang='lat'>25.</span> <span class='ocrx_word' id='word_1_60' title='bbox 1512 1613 1585 1685; x_wconf 84' lang='lat' dir='ltr'>Ter-</span> 
     </span>
     <span class='ocr_line' id='line_1_9' title="bbox 496 1731 1583 1828; baseline 0.006 -33"><span class='ocrx_word' id='word_1_61' title='bbox 496 1731 561 1797; x_wconf 87' lang='lat' dir='ltr'>tius</span> <span class='ocrx_word' id='word_1_62' title='bbox 578 1733 711 1821; x_wconf 90' lang='lat' dir='ltr'>quidem</span> <span class='ocrx_word' id='word_1_63' title='bbox 730 1735 912 1824; x_wconf 89' lang='lat' dir='ltr'>quadratus</span> <span class='ocrx_word' id='word_1_64' title='bbox 936 1741 997 1804; x_wconf 88' lang='lat' dir='ltr'>erit</span> <span class='ocrx_word' id='word_1_65' title='bbox 1023 1761 1190 1815; x_wconf 87' lang='lat' dir='ltr'>numerus,</span> <span class='ocrx_word' id='word_1_66' title='bbox 1207 1741 1262 1828; x_wconf 90' lang='lat' dir='ltr'>qui</span> <span class='ocrx_word' id='word_1_67' title='bbox 1285 1739 1453 1828; x_wconf 84' lang='lat' dir='ltr'>proueniat</span> <span class='ocrx_word' id='word_1_68' title='bbox 1473 1760 1512 1804; x_wconf 86' lang='lat' dir='ltr'>ex</span> <span class='ocrx_word' id='word_1_69' title='bbox 1529 1756 1583 1804; x_wconf 91' lang='lat' dir='ltr'>eo-</span> 
     </span>
     <span class='ocr_line' id='line_1_10' title="bbox 493 1857 1584 1950; baseline 0.004 -26"><span class='ocrx_word' id='word_1_70' title='bbox 493 1857 568 1925; x_wconf 88' lang='lat' dir='ltr'>dem</span> <span class='ocrx_word' id='word_1_71' title='bbox 589 1862 693 1948; x_wconf 92' lang='lat' dir='ltr'>primo</span> <span class='ocrx_word' id='word_1_72' title='bbox 711 1863 875 1950; x_wconf 89' lang='lat' dir='ltr'>quadrato</span> <span class='ocrx_word' id='word_1_73' title='bbox 894 1865 993 1932; x_wconf 91' lang='lat' dir='ltr'>ducto</span> <span class='ocrx_word' id='word_1_74' title='bbox 1015 1869 1058 1932; x_wconf 90' lang='lat' dir='ltr'>in.</span> <span class='ocrx_word' id='word_1_75' title='bbox 1083 1869 1135 1934; x_wconf 78' lang='lat' dir='ltr'>to.</span> <span class='ocrx_word' id='word_1_76' title='bbox 1160 1868 1254 1933; x_wconf 91' lang='lat' dir='ltr'>cuius</span> <span class='ocrx_word' id='word_1_77' title='bbox 1272 1867 1397 1931; x_wconf 86' lang='lat' dir='ltr'>numeri</span> <span class='ocrx_word' id='word_1_78' title='bbox 1418 1864 1510 1931; x_wconf 87' lang='lat' dir='ltr'>radix</span> <span class='ocrx_word' id='word_1_79' title='bbox 1524 1865 1584 1931; x_wconf 90' lang='lat' dir='ltr'>erit</span> 
     </span>
     <span class='ocr_line' id='line_1_11' title="bbox 494 1989 1582 2083; baseline 0.005 -33"><span class='ocrx_word' id='word_1_80' title='bbox 494 2007 654 2054; x_wconf 90' lang='lat' dir='ltr'>numerus</span> <span class='ocrx_word' id='word_1_81' title='bbox 677 1989 783 2056; x_wconf 84' lang='lat' dir='ltr'>factus</span> <span class='ocrx_word' id='word_1_82' title='bbox 810 2014 849 2057; x_wconf 84' lang='lat' dir='ltr'>ex</span> <span class='ocrx_word' id='word_1_83' title='bbox 874 1995 1142 2083; x_wconf 87' lang='lat' dir='ltr'>multiplicatione</span> <span class='ocrx_word' id='word_1_84' title='bbox 1165 1994 1283 2060; x_wconf 87' lang='lat' dir='ltr'>radicis</span> <span class='ocrx_word' id='word_1_85' title='bbox 1308 1994 1402 2082; x_wconf 85' lang='lat' dir='ltr'>primj</span> <span class='ocrx_word' id='word_1_86' title='bbox 1430 1991 1582 2081; x_wconf 88' lang='lat' dir='ltr'>quadrati</span> 
     </span>
     <span class='ocr_line' id='line_1_12' title="bbox 493 2114 1585 2211; baseline 0.004 -32"><span class='ocrx_word' id='word_1_87' title='bbox 493 2114 538 2180; x_wconf 92' lang='lat' dir='ltr'>in.</span> <span class='ocrx_word' id='word_1_88' title='bbox 560 2119 593 2182; x_wconf 85' lang='lat'>7.</span> <span class='ocrx_word' id='word_1_89' title='bbox 611 2118 668 2206; x_wconf 95' lang='lat' dir='ltr'>qui</span> <span class='ocrx_word' id='word_1_90' title='bbox 688 2131 736 2186; x_wconf 92' lang='lat' dir='ltr'>est</span> <span class='ocrx_word' id='word_1_91' title='bbox 761 2122 803 2211; x_wconf 78' lang='lat' dir='ltr'>(l)</span> <span class='ocrx_word' id='word_1_92' title='bbox 832 2122 926 2188; x_wconf 85' lang='lat' dir='ltr'>radix</span> <span class='ocrx_word' id='word_1_93' title='bbox 949 2122 1000 2188; x_wconf 85' lang='lat' dir='ltr'>de.</span> <span class='ocrx_word' id='word_1_94' title='bbox 1026 2124 1078 2188; x_wconf 85' lang='lat' dir='ltr'>to.</span> <span class='ocrx_word' id='word_1_95' title='bbox 1106 2135 1138 2190; x_wconf 87' lang='lat' dir='ltr'>et</span> <span class='ocrx_word' id='word_1_96' title='bbox 1166 2135 1261 2189; x_wconf 90' lang='lat' dir='ltr'>erunt</span> <span class='ocrx_word' id='word_1_97' title='bbox 1285 2120 1460 2187; x_wconf 88' lang='lat' dir='ltr'>multitudo</span> <span class='ocrx_word' id='word_1_98' title='bbox 1479 2119 1585 2208; x_wconf 91' lang='lat' dir='ltr'>prima</span> 
     </span>
     <span class='ocr_line' id='line_1_13' title="bbox 494 2243 1581 2341; baseline 0.003 -34"><span class='ocrx_word' id='word_1_99' title='bbox 494 2243 669 2332; x_wconf 89' lang='lat' dir='ltr'>imparium</span> <span class='ocrx_word' id='word_1_100' title='bbox 682 2246 855 2315; x_wconf 84' lang='lat' dir='ltr'>iacentium</span> <span class='ocrx_word' id='word_1_101' title='bbox 868 2271 1051 2340; x_wconf 86' lang='lat' dir='ltr'>congruum</span> <span class='ocrx_word' id='word_1_102' title='bbox 1065 2251 1164 2341; x_wconf 92' lang='lat' dir='ltr'>dupla</span> <span class='ocrx_word' id='word_1_103' title='bbox 1178 2249 1394 2329; x_wconf 87' lang='lat' dir='ltr'>multitudinis</span> <span class='ocrx_word' id='word_1_104' title='bbox 1407 2247 1581 2313; x_wconf 83' lang='lat' dir='ltr'>iacentium</span> 
     </span>
     <span class='ocr_line' id='line_1_14' title="bbox 492 2371 1583 2466; baseline 0.002 -30"><span class='ocrx_word' id='word_1_105' title='bbox 492 2371 750 2439; x_wconf 88' lang='lat' dir='ltr'>idem.Similiter</span> <span class='ocrx_word' id='word_1_106' title='bbox 761 2376 946 2464; x_wconf 79' lang='lat' dir='ltr'>egredictur</span> <span class='ocrx_word' id='word_1_107' title='bbox 957 2379 1184 2466; x_wconf 75' lang='lat' dir='ltr'>congruumsi</span> <span class='ocrx_word' id='word_1_108' title='bbox 1200 2375 1583 2465; x_wconf 60' lang='lat' dir='ltr'>nrultiplioabitursslper</span> 
     </span>
     <span class='ocr_line' id='line_1_15' title="bbox 492 2497 1582 2593; baseline 0.002 -29"><span class='ocrx_word' id='word_1_109' title='bbox 492 2497 638 2586; x_wconf 89' lang='lat' dir='ltr'>aliquam</span> <span class='ocrx_word' id='word_1_110' title='bbox 658 2522 822 2568; x_wconf 84' lang='lat' dir='ltr'>summam</span> <span class='ocrx_word' id='word_1_111' title='bbox 842 2503 1095 2592; x_wconf 84' lang='lat' dir='ltr'>quadratorum,</span> <span class='ocrx_word' id='word_1_112' title='bbox 1115 2505 1171 2593; x_wconf 93' lang='lat' dir='ltr'>qui</span> <span class='ocrx_word' id='word_1_113' title='bbox 1191 2503 1273 2570; x_wconf 88' lang='lat' dir='ltr'>fiunt</span> <span class='ocrx_word' id='word_1_114' title='bbox 1289 2503 1331 2569; x_wconf 90' lang='lat' dir='ltr'>ab</span> <span class='ocrx_word' id='word_1_115' title='bbox 1347 2501 1505 2569; x_wconf 88' lang='lat' dir='ltr'>ordinatis</span> <span class='ocrx_word' id='word_1_116' title='bbox 1523 2523 1582 2567; x_wconf 93' lang='lat' dir='ltr'>nu-</span> 
     </span>
     <span class='ocr_line' id='line_1_16' title="bbox 491 2627 1582 2719; baseline -0.003 -27"><span class='ocrx_word' id='word_1_117' title='bbox 491 2627 591 2692; x_wconf 88' lang='lat' dir='ltr'>meris</span> <span class='ocrx_word' id='word_1_118' title='bbox 607 2627 650 2693; x_wconf 90' lang='lat' dir='ltr'>ab</span> <span class='ocrx_word' id='word_1_119' title='bbox 662 2629 788 2696; x_wconf 91' lang='lat' dir='ltr'>unitate</span> <span class='ocrx_word' id='word_1_120' title='bbox 804 2630 1056 2697; x_wconf 90' lang='lat' dir='ltr'>ascendentibus</span> <span class='ocrx_word' id='word_1_121' title='bbox 1068 2652 1126 2718; x_wconf 89' lang='lat' dir='ltr'>per</span> <span class='ocrx_word' id='word_1_122' title='bbox 1139 2632 1279 2719; x_wconf 89' lang='lat' dir='ltr'>impares</span> <span class='ocrx_word' id='word_1_123' title='bbox 1291 2641 1323 2696; x_wconf 88' lang='lat' dir='ltr'>et</span> <span class='ocrx_word' id='word_1_124' title='bbox 1336 2649 1444 2716; x_wconf 88' lang='lat' dir='ltr'>pares,</span> <span class='ocrx_word' id='word_1_125' title='bbox 1456 2627 1507 2694; x_wconf 89' lang='lat' dir='ltr'>uel</span> <span class='ocrx_word' id='word_1_126' title='bbox 1525 2648 1582 2714; x_wconf 85' lang='lat' dir='ltr'>per</span> 
     </span>
     <span class='ocr_line' id='line_1_17' title="bbox 494 2755 1582 2848; baseline -0.001 -29"><span class='ocrx_word' id='word_1_127' title='bbox 494 2755 638 2843; x_wconf 90' lang='lat' dir='ltr'>impares</span> <span class='ocrx_word' id='word_1_128' title='bbox 655 2768 798 2834; x_wconf 85' lang='lat' dir='ltr'>tantum,</span> <span class='ocrx_word' id='word_1_129' title='bbox 811 2760 863 2825; x_wconf 89' lang='lat' dir='ltr'>uel</span> <span class='ocrx_word' id='word_1_130' title='bbox 876 2759 1181 2848; x_wconf 88' lang='lat' dir='ltr'>impares-tantum,</span> <span class='ocrx_word' id='word_1_131' title='bbox 1198 2770 1255 2823; x_wconf 91' lang='lat' dir='ltr'>aut</span> <span class='ocrx_word' id='word_1_132' title='bbox 1269 2778 1326 2846; x_wconf 87' lang='lat' dir='ltr'>per</span> <span class='ocrx_word' id='word_1_133' title='bbox 1336 2776 1393 2823; x_wconf 91' lang='lat' dir='ltr'>eos</span> <span class='ocrx_word' id='word_1_134' title='bbox 1403 2756 1458 2844; x_wconf 90' lang='lat' dir='ltr'>qui</span> <span class='ocrx_word' id='word_1_135' title='bbox 1472 2775 1582 2821; x_wconf 88' lang='lat' dir='ltr'>ascen-</span> 
     </span>
     <span class='ocr_line' id='line_1_18' title="bbox 492 2872 1677 2974; baseline -0.001 -25"><span class='ocrx_word' id='word_1_136' title='bbox 492 2882 576 2949; x_wconf 93' lang='lat' dir='ltr'>dunt</span> <span class='ocrx_word' id='word_1_137' title='bbox 592 2905 650 2972; x_wconf 93' lang='lat' dir='ltr'>per</span> <span class='ocrx_word' id='word_1_138' title='bbox 669 2886 861 2962; x_wconf 88' lang='lat' dir='ltr'>ternarium,</span> <span class='ocrx_word' id='word_1_139' title='bbox 881 2907 940 2951; x_wconf 89' lang='lat' dir='ltr'>seu</span> <span class='ocrx_word' id='word_1_140' title='bbox 952 2906 1009 2973; x_wconf 88' lang='lat' dir='ltr'>per</span> <span class='ocrx_word' id='word_1_141' title='bbox 1027 2886 1290 2974; x_wconf 89' lang='lat' dir='ltr'>quaternarium,</span> <span class='ocrx_word' id='word_1_142' title='bbox 1304 2872 1353 2951; x_wconf 90' lang='lat' dir='ltr'>uel</span> <span class='ocrx_word' id='word_1_143' title='bbox 1371 2905 1428 2972; x_wconf 88' lang='lat' dir='ltr'>per</span> <span class='ocrx_word' id='word_1_144' title='bbox 1440 2883 1582 2971; x_wconf 88' lang='lat' dir='ltr'>reliquos</span> <span class='ocrx_word' id='word_1_145' title='bbox 1671 2926 1677 2940; x_wconf 86' lang='lat'><strong>·</strong></span> 
     </span>
     <span class='ocr_line' id='line_1_19' title="bbox 491 3008 1582 3101; baseline -0.001 -27"><span class='ocrx_word' id='word_1_146' title='bbox 491 3030 660 3085; x_wconf 87' lang='lat' dir='ltr'>numeros,</span> <span class='ocrx_word' id='word_1_147' title='bbox 678 3031 822 3097; x_wconf 91' lang='lat' dir='ltr'>quorum</span> <span class='ocrx_word' id='word_1_148' title='bbox 842 3011 1080 3101; x_wconf 90' lang='lat' dir='ltr'>quadratorum</span> <span class='ocrx_word' id='word_1_149' title='bbox 1105 3032 1251 3077; x_wconf 88' lang='lat' dir='ltr'>summas</span> <span class='ocrx_word' id='word_1_150' title='bbox 1268 3011 1420 3098; x_wconf 92' lang='lat' dir='ltr'>superius</span> <span class='ocrx_word' id='word_1_151' title='bbox 1437 3008 1582 3074; x_wconf 88' lang='lat' dir='ltr'>inuenire</span> 
     </span>
    </p>
   </div>
   <div class='ocr_carea' id='block_1_3' title="bbox 493 3136 1578 3230">
    <p class='ocr_par' dir='ltr' id='par_1_3' title="bbox 493 3136 1578 3230">
     <span class='ocr_line' id='line_1_20' title="bbox 493 3136 1578 3230; baseline -0.001 -28"><span class='ocrx_word' id='word_1_152' title='bbox 493 3136 679 3214; x_wconf 90' lang='lat' dir='ltr'>docuimus,</span> <span class='ocrx_word' id='word_1_153' title='bbox 691 3154 724 3204; x_wconf 89' lang='lat' dir='ltr'>et</span> <span class='ocrx_word' id='word_1_154' title='bbox 736 3153 833 3206; x_wconf 91' lang='lat' dir='ltr'>erunt</span> <span class='ocrx_word' id='word_1_155' title='bbox 845 3142 1012 3230; x_wconf 87' lang='lat' dir='ltr'>proportio</span> <span class='ocrx_word' id='word_1_156' title='bbox 1025 3142 1199 3229; x_wconf 88' lang='lat' dir='ltr'>imparium</span> <span class='ocrx_word' id='word_1_157' title='bbox 1212 3139 1386 3206; x_wconf 82' lang='lat' dir='ltr'>iacentium</span> <span class='ocrx_word' id='word_1_158' title='bbox 1399 3136 1578 3203; x_wconf 89' lang='lat' dir='ltr'>secundum</span> 
     </span>
    </p>
   </div>
   <div class='ocr_carea' id='block_1_4' title="bbox 491 3264 1580 3737">
    <p class='ocr_par' dir='ltr' id='par_1_4' title="bbox 491 3264 1580 3737">
     <span class='ocr_line' id='line_1_21' title="bbox 493 3264 1579 3358; baseline -0.004 -27"><span class='ocrx_word' id='word_1_159' title='bbox 493 3284 677 3358; x_wconf 81' lang='lat' dir='ltr'>congruum</span> <span class='ocrx_word' id='word_1_160' title='bbox 695 3267 736 3332; x_wconf 87' lang='lat' dir='ltr'>ad</span> <span class='ocrx_word' id='word_1_161' title='bbox 753 3269 893 3356; x_wconf 86' lang='lat' dir='ltr'>impares</span> <span class='ocrx_word' id='word_1_162' title='bbox 910 3268 1083 3334; x_wconf 84' lang='lat' dir='ltr'>iacentium</span> <span class='ocrx_word' id='word_1_163' title='bbox 1098 3269 1255 3356; x_wconf 84' lang='lat' dir='ltr'>primum.</span> <span class='ocrx_word' id='word_1_164' title='bbox 1272 3268 1356 3332; x_wconf 89' lang='lat' dir='ltr'>sicut</span> <span class='ocrx_word' id='word_1_165' title='bbox 1368 3264 1460 3330; x_wconf 88' lang='lat' dir='ltr'>radix</span> <span class='ocrx_word' id='word_1_166' title='bbox 1475 3264 1579 3330; x_wconf 90' lang='lat' dir='ltr'>ultimi</span> 
     </span>
     <span class='ocr_line' id='line_1_22' title="bbox 492 3392 1580 3485; baseline 0 -29"><span class='ocrx_word' id='word_1_167' title='bbox 492 3392 648 3480; x_wconf 88' lang='lat' dir='ltr'>quadrati</span> <span class='ocrx_word' id='word_1_168' title='bbox 661 3394 763 3460; x_wconf 90' lang='lat' dir='ltr'>estad</span> <span class='ocrx_word' id='word_1_169' title='bbox 780 3395 922 3462; x_wconf 87' lang='lat' dir='ltr'>radicem</span> <span class='ocrx_word' id='word_1_170' title='bbox 940 3397 1106 3485; x_wconf 90' lang='lat' dir='ltr'>sequentis</span> <span class='ocrx_word' id='word_1_171' title='bbox 1118 3394 1268 3484; x_wconf 90' lang='lat' dir='ltr'>quadrati</span> <span class='ocrx_word' id='word_1_172' title='bbox 1285 3394 1317 3458; x_wconf 92' lang='lat' dir='ltr'>in</span> <span class='ocrx_word' id='word_1_173' title='bbox 1331 3393 1443 3460; x_wconf 89' lang='lat' dir='ltr'>ordine</span> <span class='ocrx_word' id='word_1_174' title='bbox 1455 3413 1580 3459; x_wconf 89' lang='lat' dir='ltr'>assum·</span> 
     </span>
     <span class='ocr_line' id='line_1_23' title="bbox 492 3521 1580 3615; baseline 0.001 -30"><span class='ocrx_word' id='word_1_175' title='bbox 492 3530 548 3608; x_wconf 91' lang='lat' dir='ltr'>pte</span> <span class='ocrx_word' id='word_1_176' title='bbox 560 3521 771 3589; x_wconf 88' lang='lat' dir='ltr'>collectionis.</span> <span class='ocrx_word' id='word_1_177' title='bbox 789 3526 885 3592; x_wconf 90' lang='lat' dir='ltr'>Verbi</span> <span class='ocrx_word' id='word_1_178' title='bbox 898 3527 1002 3615; x_wconf 84' lang='lat' dir='ltr'>gratia</span> <span class='ocrx_word' id='word_1_179' title='bbox 1015 3546 1144 3592; x_wconf 89' lang='lat' dir='ltr'>summa</span> <span class='ocrx_word' id='word_1_180' title='bbox 1161 3523 1395 3614; x_wconf 87' lang='lat' dir='ltr'>quadratorum</span> <span class='ocrx_word' id='word_1_181' title='bbox 1411 3522 1509 3588; x_wconf 89' lang='lat' dir='ltr'>trium</span> <span class='ocrx_word' id='word_1_182' title='bbox 1521 3523 1580 3586; x_wconf 91' lang='lat' dir='ltr'>im-</span> 
     </span>
     <span class='ocr_line' id='line_1_24' title="bbox 491 3648 1580 3737; baseline 0.004 -25"><span class='ocrx_word' id='word_1_183' title='bbox 491 3648 621 3737; x_wconf 88' lang='lat' dir='ltr'>parium</span> <span class='ocrx_word' id='word_1_184' title='bbox 637 3670 862 3728; x_wconf 89' lang='lat' dir='ltr'>numerorum,</span> <span class='ocrx_word' id='word_1_185' title='bbox 877 3657 998 3720; x_wconf 88' lang='lat' dir='ltr'>scilicet</span> <span class='ocrx_word' id='word_1_186' title='bbox 1011 3654 1110 3720; x_wconf 91' lang='lat' dir='ltr'>unius</span> <span class='ocrx_word' id='word_1_187' title='bbox 1121 3664 1153 3717; x_wconf 94' lang='lat' dir='ltr'>et</span> <span class='ocrx_word' id='word_1_188' title='bbox 1166 3672 1284 3718; x_wconf 90' lang='lat' dir='ltr'>nouem</span> <span class='ocrx_word' id='word_1_189' title='bbox 1299 3651 1446 3725; x_wconf 69' lang='lat' dir='ltr'>exau,</span> <span class='ocrx_word' id='word_1_190' title='bbox 1457 3664 1505 3728; x_wconf 84' lang='lat' dir='ltr'>cst</span> <span class='ocrx_word' id='word_1_191' title='bbox 1517 3654 1580 3724; x_wconf 75' lang='grc'><strong>35..</strong></span> 
     </span>
    </p>
   </div>
   <div class='ocr_carea' id='block_1_5' title="bbox 498 3850 1572 4520">
    <p class='ocr_par' dir='ltr' id='par_1_5' title="bbox 498 3850 1572 4520">
     <span class='ocr_line' id='line_1_25' title="bbox 565 3850 1572 3916; baseline -0.005 -15"><span class='ocrx_word' id='word_1_192' title='bbox 565 3855 598 3912; x_wconf 73' lang='lat' dir='ltr'>(lt</span> <span class='ocrx_word' id='word_1_193' title='bbox 618 3852 665 3902; x_wconf 82' lang='lat' dir='ltr'>Cio</span> <span class='ocrx_word' id='word_1_194' title='bbox 680 3855 727 3902; x_wconf 91' lang='lat' dir='ltr'>che</span> <span class='ocrx_word' id='word_1_195' title='bbox 744 3854 764 3901; x_wconf 89' lang='lat' dir='ltr'>si</span> <span class='ocrx_word' id='word_1_196' title='bbox 782 3855 851 3916; x_wconf 79' lang='lat' dir='ltr'>legge</span> <span class='ocrx_word' id='word_1_197' title='bbox 867 3855 933 3902; x_wconf 90' lang='lat' dir='ltr'>nella</span> <span class='ocrx_word' id='word_1_198' title='bbox 949 3859 1067 3913; x_wconf 86' lang='lat' dir='ltr'>presente</span> <span class='ocrx_word' id='word_1_199' title='bbox 1083 3853 1173 3914; x_wconf 85' lang='lat' dir='ltr'>pagina</span> <span class='ocrx_word' id='word_1_200' title='bbox 1189 3851 1219 3901; x_wconf 85' lang='lat'>93</span> <span class='ocrx_word' id='word_1_201' title='bbox 1236 3853 1296 3911; x_wconf 85' lang='lat' dir='ltr'>(lin.</span> <span class='ocrx_word' id='word_1_202' title='bbox 1313 3852 1382 3908; x_wconf 84' lang='grc'><strong>8-111</strong></span> <span class='ocrx_word' id='word_1_203' title='bbox 1399 3851 1465 3900; x_wconf 87' lang='lat' dir='ltr'>dalle</span> <span class='ocrx_word' id='word_1_204' title='bbox 1486 3850 1572 3910; x_wconf 87' lang='lat' dir='ltr'>parole</span> 
     </span>
     <span class='ocr_line' id='line_1_26' title="bbox 501 3949 1571 4016; baseline -0.005 -13"><span class='ocrx_word' id='word_1_205' title='bbox 501 3957 547 4004; x_wconf 81' lang='lat' dir='ltr'>crit</span> <span class='ocrx_word' id='word_1_206' title='bbox 562 3969 681 4005; x_wconf 68' lang='lat' dir='ltr'>nummus</span> <span class='ocrx_word' id='word_1_207' title='bbox 696 3955 747 4005; x_wconf 88' lang='lat' dir='ltr'>fino</span> <span class='ocrx_word' id='word_1_208' title='bbox 763 3956 812 4004; x_wconf 88' lang='lat' dir='ltr'>alle</span> <span class='ocrx_word' id='word_1_209' title='bbox 829 3955 915 4016; x_wconf 87' lang='lat' dir='ltr'>parole</span> <span class='ocrx_word' id='word_1_210' title='bbox 927 3956 970 4016; x_wconf 77' lang='lat' dir='ltr'>qui</span> <span class='ocrx_word' id='word_1_211' title='bbox 980 3960 1031 4016; x_wconf 80' lang='lat' dir='ltr'>ort,</span> <span class='ocrx_word' id='word_1_212' title='bbox 1049 3953 1163 4003; x_wconf 87' lang='lat' dir='ltr'>formale</span> <span class='ocrx_word' id='word_1_213' title='bbox 1175 3954 1224 4002; x_wconf 90' lang='lat' dir='ltr'>due</span> <span class='ocrx_word' id='word_1_214' title='bbox 1241 3953 1307 4001; x_wconf 81' lang='lat' dir='ltr'>linea</span> <span class='ocrx_word' id='word_1_215' title='bbox 1323 3949 1571 4000; x_wconf 85' lang='lat' dir='ltr'>ventesirnaseconda</span> 
     </span>
     <span class='ocr_line' id='line_1_27' title="bbox 500 4047 1572 4112; baseline -0.007 -9"><span class='ocrx_word' id='word_1_216' title='bbox 500 4066 514 4103; x_wconf 91' lang='lat' dir='ltr'>e</span> <span class='ocrx_word' id='word_1_217' title='bbox 531 4055 741 4112; x_wconf 79' lang='lat' dir='ltr'>ventesimaterza</span> <span class='ocrx_word' id='word_1_218' title='bbox 758 4056 822 4104; x_wconf 87' lang='lat' dir='ltr'>della</span> <span class='ocrx_word' id='word_1_219' title='bbox 838 4059 907 4104; x_wconf 88' lang='lat' dir='ltr'>carta</span> <span class='ocrx_word' id='word_1_220' title='bbox 917 4055 948 4104; x_wconf 83' lang='lat'>30</span> <span class='ocrx_word' id='word_1_221' title='bbox 962 4059 1028 4103; x_wconf 82' lang='lat' dir='ltr'>racto</span> <span class='ocrx_word' id='word_1_222' title='bbox 1044 4053 1086 4103; x_wconf 91' lang='lat' dir='ltr'>del</span> <span class='ocrx_word' id='word_1_223' title='bbox 1099 4053 1193 4103; x_wconf 87' lang='lat' dir='ltr'>Codice</span> <span class='ocrx_word' id='word_1_224' title='bbox 1204 4053 1372 4102; x_wconf 76' lang='lat' dir='ltr'>Ambrosiano</span> <span class='ocrx_word' id='word_1_225' title='bbox 1388 4049 1419 4099; x_wconf 83' lang='grc' dir='ltr'>Ε.</span> <span class='ocrx_word' id='word_1_226' title='bbox 1432 4047 1478 4109; x_wconf 77' lang='lat'>75,</span> <span class='ocrx_word' id='word_1_227' title='bbox 1495 4047 1572 4096; x_wconf 82' lang='lat' dir='ltr'>Parte</span> 
     </span>
     <span class='ocr_line' id='line_1_28' title="bbox 501 4150 1570 4218; baseline -0.005 -14"><span class='ocrx_word' id='word_1_228' title='bbox 501 4153 643 4218; x_wconf 77' lang='lat' dir='ltr'>Superiora.</span> <span class='ocrx_word' id='word_1_229' title='bbox 660 4155 706 4204; x_wconf 88' lang='lat' dir='ltr'>Fra</span> <span class='ocrx_word' id='word_1_230' title='bbox 722 4162 811 4217; x_wconf 84' lang='lat' dir='ltr'>queste</span> <span class='ocrx_word' id='word_1_231' title='bbox 827 4155 876 4204; x_wconf 87' lang='lat' dir='ltr'>due</span> <span class='ocrx_word' id='word_1_232' title='bbox 888 4156 965 4214; x_wconf 84' lang='lat' dir='ltr'>linae,</span> <span class='ocrx_word' id='word_1_233' title='bbox 983 4157 1048 4204; x_wconf 84' lang='lat' dir='ltr'>sulla</span> <span class='ocrx_word' id='word_1_234' title='bbox 1059 4155 1149 4204; x_wconf 87' lang='lat' dir='ltr'>lettera</span> <span class='ocrx_word' id='word_1_235' title='bbox 1159 4169 1176 4203; x_wconf 88' lang='lat' dir='ltr'>u</span> <span class='ocrx_word' id='word_1_236' title='bbox 1186 4153 1251 4203; x_wconf 88' lang='lat' dir='ltr'>della</span> <span class='ocrx_word' id='word_1_237' title='bbox 1262 4150 1570 4215; x_wconf 76' lang='lat' dir='ltr'>parolamuttiplr&#39;cotr&#39;onc,</span> 
     </span>
     <span class='ocr_line' id='line_1_29' title="bbox 501 4249 1568 4317; baseline -0.007 -12"><span class='ocrx_word' id='word_1_238' title='bbox 501 4255 596 4306; x_wconf 86' lang='lat' dir='ltr'>trovasi</span> <span class='ocrx_word' id='word_1_239' title='bbox 613 4268 648 4303; x_wconf 91' lang='lat' dir='ltr'>un</span> <span class='ocrx_word' id='word_1_240' title='bbox 663 4267 740 4316; x_wconf 82' lang='lat' dir='ltr'>segno</span> <span class='ocrx_word' id='word_1_241' title='bbox 757 4256 783 4303; x_wconf 90' lang='lat' dir='ltr'>di</span> <span class='ocrx_word' id='word_1_242' title='bbox 799 4257 920 4307; x_wconf 86' lang='lat' dir='ltr'>ricbiamo</span> <span class='ocrx_word' id='word_1_243' title='bbox 937 4269 951 4304; x_wconf 91' lang='lat' dir='ltr'>e</span> <span class='ocrx_word' id='word_1_244' title='bbox 968 4256 1007 4305; x_wconf 90' lang='lat' dir='ltr'>sul</span> <span class='ocrx_word' id='word_1_245' title='bbox 1024 4255 1136 4317; x_wconf 84' lang='lat' dir='ltr'>margine</span> <span class='ocrx_word' id='word_1_246' title='bbox 1153 4255 1256 4304; x_wconf 85' lang='lat' dir='ltr'>laterale</span> <span class='ocrx_word' id='word_1_247' title='bbox 1267 4257 1368 4302; x_wconf 86' lang='lat' dir='ltr'>esterno</span> <span class='ocrx_word' id='word_1_248' title='bbox 1378 4250 1419 4299; x_wconf 88' lang='lat' dir='ltr'>del</span> <span class='ocrx_word' id='word_1_249' title='bbox 1431 4249 1568 4299; x_wconf 88' lang='lat' dir='ltr'>medesimo</span> 
     </span>
     <span class='ocr_line' id='line_1_30' title="bbox 501 4351 1568 4419; baseline -0.005 -15"><span class='ocrx_word' id='word_1_250' title='bbox 501 4361 568 4404; x_wconf 79' lang='lat' dir='ltr'>recto</span> <span class='ocrx_word' id='word_1_251' title='bbox 584 4371 617 4406; x_wconf 92' lang='lat' dir='ltr'>un</span> <span class='ocrx_word' id='word_1_252' title='bbox 635 4358 700 4407; x_wconf 91' lang='lat' dir='ltr'>simil</span> <span class='ocrx_word' id='word_1_253' title='bbox 716 4370 793 4419; x_wconf 81' lang='lat' dir='ltr'>segno</span> <span class='ocrx_word' id='word_1_254' title='bbox 808 4357 834 4404; x_wconf 90' lang='lat' dir='ltr'>di</span> <span class='ocrx_word' id='word_1_255' title='bbox 850 4358 970 4406; x_wconf 89' lang='lat' dir='ltr'>ricbiamo</span> <span class='ocrx_word' id='word_1_256' title='bbox 987 4357 1084 4417; x_wconf 82' lang='lat' dir='ltr'>seguito</span> <span class='ocrx_word' id='word_1_257' title='bbox 1097 4354 1128 4403; x_wconf 87' lang='lat' dir='ltr'>da</span> <span class='ocrx_word' id='word_1_258' title='bbox 1140 4369 1190 4403; x_wconf 88' lang='lat' dir='ltr'>una</span> <span class='ocrx_word' id='word_1_259' title='bbox 1202 4354 1302 4415; x_wconf 85' lang='lat' dir='ltr'>postilla</span> <span class='ocrx_word' id='word_1_260' title='bbox 1312 4363 1383 4401; x_wconf 91' lang='lat' dir='ltr'>come</span> <span class='ocrx_word' id='word_1_261' title='bbox 1395 4351 1435 4400; x_wconf 91' lang='lat' dir='ltr'>nel</span> <span class='ocrx_word' id='word_1_262' title='bbox 1448 4353 1568 4412; x_wconf 84' lang='lat' dir='ltr'>seguente</span> 
     </span>
     <span class='ocr_line' id='line_1_31' title="bbox 498 4457 1072 4520; baseline 0.003 -15"><span class='ocrx_word' id='word_1_263' title='bbox 498 4457 673 4518; x_wconf 61' lang='grc' dir='ltr'><strong>[αθ-1111116111</strong></span> <span class='ocrx_word' id='word_1_264' title='bbox 689 4461 732 4508; x_wconf 88' lang='lat' dir='ltr'>tali</span> <span class='ocrx_word' id='word_1_265' title='bbox 747 4459 829 4518; x_wconf 83' lang='lat' dir='ltr'>linea,</span> <span class='ocrx_word' id='word_1_266' title='bbox 847 4458 916 4520; x_wconf 83' lang='lat' dir='ltr'>segni</span> <span class='ocrx_word' id='word_1_267' title='bbox 933 4470 946 4507; x_wconf 93' lang='lat' dir='ltr'>e</span> <span class='ocrx_word' id='word_1_268' title='bbox 963 4458 1072 4518; x_wconf 89' lang='lat' dir='ltr'>postilla.</span> 
     </span>
    </p>
   </div>
   <div class='ocr_carea' id='block_1_6' title="bbox 489 4548 1590 4734">
    <p class='ocr_par' dir='ltr' id='par_1_6' title="bbox 489 4548 1590 4734">
     <span class='ocr_line' id='line_1_32' title="bbox 510 4548 1590 4669; baseline -0.009 -57"><span class='ocrx_word' id='word_1_269' title='bbox 510 4548 1052 4669; x_wconf 50' lang='lat' dir='ltr'>ummqpuffquvqtbssppuquan</span> <span class='ocrx_word' id='word_1_270' title='bbox 1063 4559 1145 4655; x_wconf 70' lang='lat' dir='ltr'>tuac</span> <span class='ocrx_word' id='word_1_271' title='bbox 1160 4555 1424 4665; x_wconf 39' lang='lat' dir='ltr'>mquam&amp;</span> <span class='ocrx_word' id='word_1_272' title='bbox 1450 4581 1590 4664; x_wconf 52' lang='lat' dir='ltr'><strong><em>m</em></strong></span> 
     </span>
     <span class='ocr_line' id='line_1_33' title="bbox 489 4620 1450 4734; baseline -0.005 -12"><span class='ocrx_word' id='word_1_273' title='bbox 489 4631 1125 4733; x_wconf 41' lang='lat' dir='ltr'>trostmneeaaaammmtm</span> <span class='ocrx_word' id='word_1_274' title='bbox 1143 4626 1382 4734; x_wconf 49' lang='lat' dir='ltr'>auncurt</span> <span class='ocrx_word' id='word_1_275' title='bbox 1419 4620 1450 4678; x_wconf 45' lang='grc' dir='ltr'><em>ᾳ</em></span> 
     </span>
    </p>
   </div>
   <div class='ocr_carea' id='block_1_7' title="bbox 0 0 2092 5792">
    <p class='ocr_par' dir='ltr' id='par_1_7' title="bbox 0 0 2092 5792">
     <span class='ocr_line' id='line_1_34' title="bbox 0 0 2092 5792; baseline 0 2"><span class='ocrx_word' id='word_1_276' title='bbox 0 0 2092 5792; x_wconf 95' lang='lat' dir='ltr'> </span> 
     </span>
    </p>
   </div>
  </div>
 </body>
</html>
