4175 5792
1480 691 1523 755 85

428 831 579 920 portione
600 854 701 921 quam
726 832 824 902 habet
847 856 1003 902 numerus
1026 857 1048 901 a
1065 856 1084 918 9
1103 833 1143 900 ad
1162 855 1334 901 numerum
1359 835 1381 900 d
1392 856 1427 919 9:
1446 847 1523 905 tuno

426 957 581 1046 possibile
596 970 692 1026 erunt
708 961 853 1029 inuenire
868 961 951 1029 duas
971 960 1195 1028 multitudines
1212 960 1387 1047 imparium
1408 983 1523 1030 nume·

430 1103 543 1150 rorum
567 1086 739 1154 continuas
764 1089 796 1152 in
816 1089 1025 1179 proportione
1049 1109 1149 1175 quarn
1173 1085 1272 1153 habet
1291 1109 1447 1156 numerus
1461 1110 1519 1172 oo

420 1211 468 1277 ad
489 1234 663 1281 numerum
680 1213 750 1298 dp,
769 1225 801 1282 et
817 1227 866 1282 est
889 1214 954 1305 (sic)
976 1235 1106 1282 summa
1128 1214 1386 1303 uniuscuiusque
1410 1217 1522 1284 multi-

430 1337 553 1404 tudinis
575 1338 759 1428 egredietur
781 1362 974 1431 congruum.

494 1467 574 1532 Esto
592 1468 684 1554 prius
704 1469 888 1557 proportio,
907 1491 1007 1557 quarn
1026 1468 1126 1536 habet
1154 1491 1310 1537 numerus
1329 1474 1382 1558 ὁρ
1405 1470 1446 1537 ad
1464 1491 1526 1537 nu·

398 1679 404 1691 ⁸
427 1613 554 1659 merum
573 1615 593 1661 a
609 1593 648 1669 b,
673 1595 778 1661 minor
794 1617 834 1662 ea
851 1617 952 1684 quarn
976 1595 1074 1664 habet
1092 1616 1251 1663 numerus
1274 1618 1328 1680 ap
1345 1595 1386 1662 ad
1403 1617 1518 1664 nume·

427 1741 502 1787 rum
518 1723 540 1788 d
553 1745 588 1805 p;
604 1733 732 1813 oportet
747 1744 824 1814 argo
841 1725 986 1791 inuenire
1002 1725 1086 1792 duas
1102 1724 1327 1792 multitudines
1343 1725 1518 1814 imparium

428 1847 613 1915 immediate
636 1850 669 1914 in
694 1851 904 1939 proportione
918 1872 1020 1938 quam
1037 1849 1136 1917 habet
1153 1872 1309 1918 numerus
1327 1854 1344 1916 o
1362 1874 1381 1934 p
1402 1851 1442 1918 ad
1460 1874 1519 1920 nu-

427 1993 554 2038 merum
573 1995 593 2039 o
613 1972 646 2050 b,
662 1985 694 2041 et
712 1997 842 2042 summa
865 1977 1029 2043 unitatum
1049 1978 1221 2066 utriusque
1241 1976 1458 2044 multitudinis
1476 1978 1518 2044 sit

424 2099 553 2167 eadem:
574 2102 760 2168 coniunctio
779 2103 912 2189 quidem
931 2126 972 2171 ex
987 2106 1133 2172 numeris
1151 2127 1172 2171 a
1197 2108 1230 2182 b,
1249 2115 1282 2172 et
1302 2108 1372 2192 op,
1394 2106 1518 2173 scilieet

424 2247 445 2291 a
466 2247 502 2314 9,
526 2240 583 2293 aut
602 2240 651 2296 est
674 2251 748 2318 par,
768 2243 826 2298 aut
845 2232 960 2319 impar.
980 2233 1059 2298 Esto
1079 2233 1170 2322 prius
1189 2253 1257 2320 par.
1274 2233 1381 2321 Quare
1404 2254 1518 2299 nume·
1611 2218 1616 2229 ⁸

426 2379 483 2424 rus
502 2378 523 2424 α
540 2359 574 2434 d,
598 2359 720 2426 scilicet
738 2358 859 2449 duplus
878 2359 920 2427 ad
935 2364 1000 2436 ab,
1018 2382 1078 2448 par
1095 2371 1153 2427 est.
1171 2360 1261 2427 Vnde
1280 2359 1445 2428 residuum
1462 2363 1515 2445 do

428 2506 540 2575 parem
559 2508 630 2553 esse
647 2507 779 2555 necesse
798 2499 857 2554 est.
881 2489 930 2554 Ex
948 2487 1050 2554 ductu
1072 2487 1205 2577 quidem
1232 2488 1289 2576 dp
1314 2489 1345 2552 in
1367 2490 1384 2552 d
1403 2510 1423 2575 9
1444 2507 1518 2578 pro-

425 2612 538 2679 ueniat
561 2634 717 2680 numerus
740 2637 755 2680 e
776 2637 808 2690 z,
832 2626 924 2682 etex
944 2614 1046 2682 ductu
1065 2617 1087 2680 d
1103 2638 1122 2698 p
1141 2615 1172 2680 in
1195 2636 1215 2682 a
1236 2615 1440 2703 liproueniat
1458 2638 1479 2681 a
1493 2618 1514 2680 i.

428 2740 487 2807 Est
501 2760 578 2830 ergo
596 2742 714 2829 siout9
734 2745 750 2806 b
767 2741 808 2808 ad
826 2745 843 2807 b
858 2764 893 2821 a,
914 2743 960 2808 ita
979 2765 1136 2811 numerus
1155 2766 1199 2810 ez
1217 2743 1443 2811 adnumerum
1461 2749 1515 2820 zi,

422 2878 455 2935 et
477 2879 553 2935 sunt
575 2870 702 2936 numeri
724 2892 790 2947 ez,
813 2873 858 2934 zi
880 2892 983 2958 pares.

492 2996 617 3062 Rursus
639 3018 679 3062 ex
693 2995 795 3063 ductu
811 3019 866 3084 ap
890 2998 923 3062 in
936 2997 1082 3064 numeris
1104 3002 1168 3080 pt,
1190 3007 1222 3064 et
1241 2997 1259 3064 b
1277 3020 1298 3065 a
1321 2999 1515 3086 proueniant

424 3143 522 3210 pares
543 3124 855 3202 numeriltmdcl.
877 3125 935 3191 Est
954 3145 1031 3215 ergo
1051 3127 1135 3192 sieut
1156 3125 1367 3214 poradta,
1389 3128 1518 3192 italcm

423 3247 464 3314 ad
483 3219 543 3314 te't.
567 3249 629 3316 Sed
649 3252 807 3338 sicutpb
830 3250 871 3317 ad
896 3254 963 3330 lla,
986 3251 1239 3330 itaezadzi;
1263 3271 1339 3340 ergo
1358 3251 1514 3317 sieutez

423 3374 466 3441 ad
487 3377 544 3454 zi,
563 3376 828 3443 italemadlcl:
844 3377 984 3466 denique
1001 3376 1327 3453 ducaturezinlcl,
1343 3377 1514 3464 proueniat

419 3515 536 3587 op‚ot
551 3525 592 3571 ex
613 3503 716 3571 ductu
737 3506 920 3571 ziinlcm
943 3506 1198 3595 proueniatpq.
1232 3505 1515 3594 thuoniamost

419 3631 574 3699 sieutez
595 3632 717 3707 adzi,
735 3633 869 3699 italam
887 3632 998 3699 adlcl.
1022 3635 1108 3721 Ergo
1128 3632 1160 3700 id
1177 3633 1265 3722 quod
1289 3614 1325 3698 lit
1349 3655 1388 3700 ex
1410 3631 1513 3699 ductu

417 3782 484 3837 ea,
504 3761 538 3826 in
556 3763 575 3826 lc
591 3761 603 3826 l
619 3762 736 3849 equale
747 3772 795 3828 est
807 3761 836 3828 ei
847 3760 936 3850 quod
956 3760 992 3826 fit
1007 3783 1048 3828 ex
1064 3760 1166 3829 ductu
1184 3785 1203 3828 z
1222 3764 1235 3826 i
1254 3762 1286 3826 in
1309 3763 1388 3839 lcm3
1410 3779 1513 3847 quare

418 3888 546 3976 equalis
566 3900 616 3955 est
638 3911 794 3956 numerus
813 3913 868 3977 op
891 3909 1027 3957 numero
1046 3911 1127 3978 pq:
1148 3889 1317 3956 ostendam
1334 3899 1511 3973 utrumque

418 4017 567 4105 ipsorum
592 4038 662 4083 esse
689 4037 882 4106 congruum.
917 4018 1078 4096 Quoniam
1106 4038 1146 4085 ex
1176 4016 1279 4084 ductu
1310 4038 1324 4081 e
1353 4038 1373 4081 z
1398 4014 1470 4078 inlr
1500 4013 1511 4079 l

418 4145 570 4231 prouenit
601 4167 670 4234 op,
694 4157 775 4234 quot
795 4147 937 4212 unitates
966 4156 1042 4212 sunt
1068 4145 1100 4209 in
1121 4165 1293 4212 numeroe
1316 4164 1356 4219 z,
1381 4151 1428 4208 tot
1452 4162 1512 4206 nu·

418 4271 499 4338 meri
521 4273 655 4361 equales
677 4292 813 4339 numero
836 4275 856 4338 lc
878 4272 890 4337 l
915 4283 992 4339 sunt
1016 4273 1049 4338 in
1072 4292 1209 4340 numero
1234 4296 1251 4338 o
1275 4295 1310 4361 p.
1345 4271 1407 4339 Sed
1430 4279 1513 4358 quot

417 4399 545 4466 numeri
567 4400 700 4488 equales
723 4420 860 4467 numero
885 4402 934 4465 lcl
956 4411 1032 4466 sunt
1057 4401 1091 4466 in
1113 4421 1251 4468 numero
1273 4422 1342 4488 op,
1368 4409 1416 4466 tot
1434 4419 1512 4466 con-

417 4525 500 4593 tinui
534 4529 661 4594 numeri
693 4528 834 4616 impares
857 4528 1031 4595 existentes
1055 4529 1142 4594 eirca
1165 4548 1338 4593 numerum
1361 4530 1381 4592 le
1404 4529 1414 4591 l
1436 4537 1512 4593 sunt

418 4650 452 4717 in
475 4651 590 4719 eodem
615 4676 632 4719 ο
651 4675 684 4741 p.
709 4653 795 4743 Ergo
818 4663 899 4741 quot
922 4653 1064 4721 unitates
1082 4663 1159 4721 sunt
1183 4653 1215 4718 in
1237 4672 1375 4721 numero
1393 4674 1408 4718 e
1426 4676 1460 4730 z,
1481 4664 1513 4718 et
