4175 5792
1443 694 1545 768 57,

398 842 626 931 perordinem
649 842 875 917 ascendendo,
897 841 1001 907 donec
1020 852 1185 907 extremus
1208 859 1321 906 corum
1345 838 1486 927 quadra-

400 981 455 1036 tus
473 969 544 1040 fiat.
563 979 596 1037 et
614 970 678 1036 sint
692 967 735 1060 (l)
759 945 839 1045 a'b,
861 938 936 1045 lt⁵c,
955 932 1033 1042 c⁵d‚
1050 972 1069 1033 d
1079 947 1125 1043 ἰ,
1142 953 1210 1058 c⁹s‚
1228 978 1260 1034 et
1276 968 1317 1033 sit
1333 947 1395 1052 e⁹f
1407 988 1488 1056 qua-

399 1095 527 1173 dratus,
547 1107 580 1164 et
597 1097 754 1185 quoniam
773 1119 789 1163 e
809 1098 830 1186 f
844 1111 893 1164 est
912 1095 1116 1186 quadratus,
1143 1104 1175 1163 et
1192 1064 1251 1162 u¹⁶e
1277 1106 1326 1161 est
1349 1092 1489 1183 quadra-

400 1234 468 1300 tus,
488 1245 564 1292 cum
584 1225 781 1314 procreetur.
796 1247 834 1292 ex
855 1223 1006 1292 ordinata
1025 1224 1216 1291 collectione
1242 1223 1415 1311 imparium
1434 1221 1489 1287 ab

401 1360 435 1418 et
458 1354 567 1418 dcet
591 1374 606 1418 c
625 1355 646 1418 d
665 1361 698 1419 et
721 1352 787 1428 be,
810 1362 843 1418 ct
867 1361 954 1419 totus
977 1323 1043 1439 o²⁵f
1069 1371 1225 1418 numerus
1260 1361 1309 1417 est
1343 1348 1490 1415 similiter

402 1476 597 1567 quadratus;
619 1488 651 1545 et
674 1479 721 1544 sio
736 1500 776 1544 ex
802 1477 933 1546 duobus
959 1477 1131 1569 quadratis
1154 1500 1174 1545 o
1195 1499 1211 1544 e
1232 1487 1265 1545 et
1284 1500 1299 1544 c
1316 1478 1337 1565 f
1352 1476 1389 1544 fit
1412 1496 1493 1567 qua·

402 1603 519 1671 dratus
540 1606 603 1692 os.

470 1729 553 1797 Item
573 1731 666 1799 aliter
690 1733 850 1821 accipiam
869 1733 1009 1822 aliquem
1034 1732 1234 1822 quadratum
1251 1751 1378 1820 parem,
1400 1732 1494 1799 cuius

405 1858 562 1926 medietas
584 1861 626 1927 sit
648 1883 709 1950 par
727 1861 734 1951 Ι
755 1872 791 1928 ut
814 1865 870 1940 36,
893 1862 988 1928 cuius
1019 1862 1176 1929 medietas
1210 1870 1259 1928 est
1295 1863 1361 1938 48,
1381 1869 1415 1926 et
1436 1880 1495 1925 au·
1527 1881 1650 1927 rotulum
1708 1864 1711 1875 '

406 1989 508 2055 leram
531 1988 574 2055 ab
596 2009 655 2066 eo,
679 1999 712 2056 et
730 1988 849 2056 addam
871 1989 977 2057 eidem
1002 1993 1042 2065 l,
1078 1989 1285 2079 egredientur
1310 1989 1352 2054 ll
1376 1997 1409 2054 et
1433 1988 1497 2064 19,

406 2116 464 2204 qui
480 2127 556 2182 sunt
571 2117 712 2204 impares
728 2118 855 2185 numeri
871 2129 903 2184 ct
918 2118 1078 2193 continui,
1098 2136 1175 2184 cum
1192 2116 1302 2183 nullus
1316 2116 1422 2203 impar
1437 2135 1497 2179 nu-

409 2263 520 2309 merus
541 2242 637 2309 cadat
657 2245 741 2311 inter
764 2264 833 2314 eos:
858 2266 898 2310 ex
921 2244 1036 2312 horum
1060 2265 1192 2334 quoque
1214 2242 1399 2310 addictione
1421 2261 1497 2330 pro-

409 2380 543 2459 greatur
557 2369 621 2463 (sic)
645 2375 703 2450 36,
715 2375 773 2462 qui
783 2385 832 2442 est
845 2374 1042 2464 quadratus,
1056 2385 1089 2441 et
1099 2395 1139 2440 ex
1159 2371 1343 2439 addictione
1357 2370 1497 2459 reliquo-

411 2518 485 2563 rum
502 2500 690 2588 imparium,
707 2504 764 2592 qui
779 2503 912 2569 suntab
929 2523 994 2569 uno
1010 2501 1160 2590 usquein
1172 2503 1433 2588 l5,procreatur
1445 2498 1498 2573 64,

411 2643 452 2687 ex
474 2623 593 2712 quibus
615 2625 746 2695 duobus
768 2627 938 2717 quadratis
960 2639 1153 2717 procreatur
1172 2628 1258 2701 too,
1278 2626 1335 2714 qui
1353 2637 1403 2692 est
1420 2645 1500 2713 qua-

411 2749 547 2833 dratus,
570 2765 603 2821 et
624 2767 816 2843 procreatur
830 2777 870 2823 ex
885 2756 1077 2824 collectione
1093 2754 1268 2843 imparium
1288 2772 1499 2819 numerorum
1602 2778 1605 2783 ⁴
1702 2806 1704 2813 ,

413 2884 564 2973 quisunt
580 2883 623 2950 ab
642 2904 707 2950 uno
724 2903 828 2972 usqne
848 2884 881 2947 in
897 2885 949 2948 to.
974 2880 1029 2972 (2).
1054 2880 1111 2948 Vel
1129 2881 1289 2968 accipiam
1305 2877 1503 2968 quadratum

491 3143 524 3204 (l)
543 3143 608 3193 Vedi
624 3143 677 3205 lig.
695 3142 719 3190 8.

493 3244 527 3304 (2)
544 3245 589 3294 Nel
600 3245 713 3306 margine
726 3244 829 3292 laterale
840 3245 941 3290 esterno
952 3239 984 3290 ed
995 3239 1114 3287 inferiore
1124 3237 1165 3286 dol
1178 3237 1291 3287 rovescio
1308 3236 1374 3284 della
1385 3238 1453 3284 carta
1466 3234 1496 3281 to

424 3348 468 3399 del
483 3346 578 3397 Codice
593 3346 758 3396 Ambrosiano
774 3345 806 3394 Ε.
822 3344 861 3394 76.
879 3344 953 3394 Parta
968 3341 1111 3403 sopenna,
1129 3339 1149 3387 si
1166 3337 1252 3399 legge:

639 3569 651 3594 ι
668 3550 708 3598 Ad
722 3549 895 3598 inuenientium
908 3547 992 3608 plures
1008 3545 1143 3607 quadratos
1158 3552 1281 3590 common.

494 3773 505 3798 ι
524 3753 564 3804 Ex
579 3755 625 3802 hac
640 3753 728 3814 regula
744 3751 776 3800 de
792 3749 941 3799 collectione
952 3747 1062 3796 duorum
1072 3756 1236 3794 numerorum
1247 3741 1428 3804 quadratornm
1440 3752 1500 3800 pos-

428 3874 442 3903 ι
460 3868 549 3906 sumus
564 3854 714 3916 recolligere
726 3853 813 3914 plures
824 3862 945 3901 numeros
955 3846 1107 3909 quadratos;
1120 3851 1145 3896 et
1155 3850 1183 3894 ut
1194 3845 1240 3893 hac
1251 3846 1339 3905 aparte
1350 3841 1481 3890 uideamus
1491 3875 1497 3894 ,

428 3970 444 4002 ιι
461 3954 580 4003 uolumus
590 3949 877 4014 colligeretquadratos
885 3959 1013 4006 numeros,
1025 3956 1134 4007 quorum
1147 3944 1244 4004 primus
1254 3945 1280 3991 et
1290 3938 1416 3989 secumdus
1424 3936 1499 3985 simul

430 4070 444 4102 ι
462 4051 540 4102 iuncti
560 4051 651 4099 iaciant
665 4051 817 4113 quadratum
833 4061 981 4108 numerum,
994 4050 1019 4096 et
1030 4057 1107 4107 super
1118 4055 1207 4094 eorum
1217 4041 1292 4090 tertio
1304 4038 1389 4088 addito
1399 4034 1498 4084 eueniat

430 4176 443 4202 ι
462 4155 602 4219 quadratus
617 4164 756 4212 numerus,
783 4155 809 4200 et
828 4149 904 4200 etiam
921 4161 997 4209 snper
1013 4145 1181 4195 addictionem
1207 4140 1378 4202 predictorum
1405 4133 1501 4190 trium.

432 4278 444 4301 ι
462 4261 555 4319 quarto
566 4265 672 4302 numero
684 4251 779 4313 addito,
791 4251 834 4300 fiat
844 4249 983 4313 quadratus
994 4259 1128 4305 numeruS‚
1140 4246 1166 4294 et
1176 4239 1339 4302 superaddito
1355 4235 1442 4297 quinto
1458 4233 1502 4282 liat

333 4363 337 4370 '
432 4379 444 4403 u
463 4357 602 4422 quadratus
611 4366 741 4405 numerus.
753 4352 790 4402 lta
800 4362 975 4401 exerceamus:
993 4360 1117 4408 ponamus
1128 4345 1224 4407 primus
1240 4349 1362 4390 numerus
1378 4346 1465 4384 corum
1478 4333 1502 4392 9,
1585 4309 1594 4323 ⁸

434 4478 447 4502 ι
465 4464 492 4509 ot
507 4471 553 4519 por
567 4458 660 4506 dictam
675 4454 788 4516 regulam
799 4452 956 4502 inueniemus
972 4448 1108 4498 secundum
1120 4456 1253 4495 numerum
1272 4437 1420 4496 istomodo,
1435 4433 1503 4497 quod

1270 4539 1284 4586 8
