4175 5792
466 704 510 769 ot

469 871 484 913 e
507 869 539 923 z,
558 848 606 912 zi
623 846 785 922 continui,
802 856 963 913 eteorum
984 844 1138 933 quadrati
1157 852 1298 932 snrgunt
1312 864 1352 909 ex
1371 841 1568 908 collectione

468 975 623 1041 continua
640 974 757 1063 impari
783 993 996 1041 numerorum
1020 994 1062 1048 α,
1087 983 1118 1048 t,
1140 969 1183 1045 lt,
1204 970 1235 1046 l,
1254 991 1307 1045 m,
1329 990 1367 1044 o,
1388 981 1424 1035 vt
1447 989 1569 1057 oppor-

472 1101 562 1168 tebat
584 1099 764 1167 ostendere.

537 1227 686 1294 Inuenire
724 1226 808 1294 duos
847 1246 1021 1303 numeros,
1054 1228 1202 1316 {quorum
1241 1222 1397 1313 quadrati
1429 1220 1564 1290 insimul

470 1358 571 1423 iuncti
596 1355 720 1422 laoiunt
742 1354 944 1444 quadratum
970 1353 1094 1420 iactum
1117 1375 1158 1420 ex
1178 1351 1410 1418 coniunctione
1422 1350 1567 1440 quadra·

470 1492 577 1548 torum
596 1480 738 1546 duorum
760 1480 900 1545 aliorum
916 1500 1130 1547 numeratum
1146 1478 1309 1545 datorum.
1327 1476 1398 1543 Sint
1412 1476 1483 1543 dati
1500 1476 1566 1577 duo

471 1608 598 1673 numeri
622 1627 643 1671 a
664 1617 696 1672 ot
721 1606 739 1672 b
762 1603 825 1697 (l),
841 1629 981 1695 quorum
1003 1607 1157 1698 quadrati
1173 1606 1304 1672 insimul
1323 1606 1425 1672 iuncti
1444 1605 1566 1675 faciant

468 1733 667 1824 quadratum
693 1755 865 1801 numerum
888 1757 923 1821 9:
945 1745 1075 1823 oportet
1098 1734 1181 1800 duos
1202 1734 1283 1800 alios
1298 1754 1455 1801 numeros
1474 1733 1565 1802 inuo-

468 1862 549 1935 nire,
574 1881 717 1949 quorum
741 1860 895 1950 quadrati
926 1861 1060 1928 insimul
1093 1861 1259 1928 coniuncti
1292 1860 1415 1927 faciant
1446 1861 1563 1950 equale

468 2007 605 2055 numero
626 2010 647 2074 9
669 1988 842 2076 quadrato.
866 1988 1082 2054 Inueniantur
1105 1988 1157 2075 alij
1195 1987 1262 2054 duo
1297 1988 1449 2066 numeri,
1482 2008 1564 2077 quo

470 2137 541 2181 rum
561 2113 715 2202 quadrati
731 2113 861 2180 insimul
878 2115 978 2202 iunctj
1005 2114 1125 2181 faciant
1142 2114 1340 2204 quadratum
1365 2136 1562 2189 numerum,

467 2267 508 2311 ex
526 2264 679 2310 mensura
701 2261 844 2331 quorum
868 2240 988 2309 saciant
1004 2253 1093 2309 recte
1109 2246 1130 2309 d
1144 2264 1171 2320 e,
1186 2265 1201 2308 e
1218 2266 1250 2319 z,
1270 2255 1303 2309 θῖ
1321 2253 1563 2332 componantur

469 2375 624 2440 iacientes
644 2372 802 2460 angulum
819 2381 959 2449 rectum,
976 2373 1084 2460 ipsum
1099 2371 1250 2438 videlicet
1265 2372 1321 2459 qui
1332 2382 1382 2438 est
1394 2370 1494 2439 subd
1504 2394 1561 2448 ez,

467 2502 553 2568 latus
572 2521 704 2590 quoque
722 2503 742 2565 o
760 2522 780 2563 z
802 2509 908 2586 potest
923 2521 1022 2587 super
1033 2501 1137 2566 latera
1153 2501 1219 2575 de,
1235 2510 1267 2566 et
1284 2522 1299 2566 a
1314 2522 1348 2578 z,
1360 2501 1561 2589 quadratum

465 2629 616 2718 quidem,
642 2630 698 2716 qui
721 2625 758 2692 fit
780 2630 798 2692 u
823 2635 910 2692 reeta
937 2628 959 2692 d
985 2650 1020 2702 z,
1042 2637 1100 2692 aut
1126 2638 1175 2695 est
1205 2629 1330 2716 equalis
1353 2648 1494 2696 numero
1522 2651 1562 2712 q,

466 2768 524 2823 aut
547 2777 632 2822 non:
657 2767 727 2822 osto
750 2757 842 2844 prius
865 2753 1012 2842 equalis;
1039 2755 1162 2820 inuenti
1192 2766 1269 2822 sunt
1300 2776 1378 2845 ergo
1413 2755 1482 2823 duo
1505 2756 1559 2843 alij

467 2883 616 2957 numeri,
641 2905 783 2973 quorum
813 2882 966 2972 quadratj
997 2883 1165 2949 ooniunoti
1201 2883 1324 2951 faciunt
1356 2885 1560 2974 quadratum

469 3031 645 3076 numerum
667 3010 819 3099 equalem
842 3029 980 3076 numero
1003 3033 1044 3094 q,
1068 3032 1212 3098 quorum
1235 3034 1321 3079 unus
1353 3023 1403 3078 est
1436 3015 1564 3103 equalis

467 3150 553 3207 necto
568 3144 589 3206 d
606 3162 636 3216 e,
653 3140 735 3207 alter
753 3150 801 3206 est
813 3138 940 3228 equalis
951 3149 1038 3206 reete
1056 3162 1071 3204 e
1086 3162 1116 3205 z.
1133 3140 1165 3204 Si
1178 3151 1288 3207 autem
1307 3140 1494 3230 quadratus
1503 3144 1562 3233 qui

466 3269 501 3336 fit
515 3275 533 3337 a
546 3280 634 3337 reeta
647 3273 708 3346 elz,
719 3267 782 3336 hoo
793 3277 842 3334 est
855 3271 874 3333 a
886 3287 1024 3334 numero
1035 3268 1057 3332 d
1067 3291 1097 3342 z,
1109 3280 1229 3335 nonest
1241 3269 1367 3358 equalis
1378 3290 1519 3338 numero
1528 3294 1560 3361 9,

466 3410 562 3467 erunt
576 3401 686 3487 itaque
699 3381 803 3464 maior
816 3398 902 3485 ipso,
914 3396 967 3462 uel
983 3396 1102 3462 minor:
1116 3406 1186 3463 esto
1199 3398 1289 3484 prius
1305 3396 1422 3477 maior3
1434 3408 1469 3465 et
1478 3418 1562 3487 quo·

464 3524 552 3588 niam
564 3521 756 3611 quadratus,
769 3522 825 3610 qui
837 3521 873 3587 fit
884 3525 903 3588 a
915 3542 1052 3589 numero
1063 3522 1085 3587 d
1095 3545 1125 3598 z,
1141 3523 1245 3589 maior
1255 3533 1450 3590 ostnumero
1458 3526 1561 3612 sperit

464 3670 620 3716 numerus
634 3649 656 3714 d
671 3670 701 3725 z,
722 3649 826 3715 maior
845 3649 954 3717 radice
974 3671 1005 3739 q.
1029 3649 1217 3737 accipiatur
1234 3667 1311 3736 ergo
1332 3646 1425 3713 radix
1443 3670 1560 3717 nume-

464 3780 490 3843 ri
499 3799 535 3865 9,
548 3798 612 3865 que
629 3777 671 3842 sit
686 3778 698 3840 i
713 3797 880 3853 numerus,
897 3789 928 3843 et
940 3777 1123 3866 accipiatur
1136 3775 1261 3865 equalis
1275 3780 1290 3842 I
1305 3779 1324 3841 a
1340 3794 1479 3841 numero
1491 3780 1513 3843 d
1523 3798 1560 3852 z,

463 3902 565 3992 litque
581 3913 592 3968 t
610 3925 643 3982 z;
664 3883 731 3970 ete
754 3912 877 3991 puncto
898 3916 909 3969 t
929 3924 1028 3990 super
1058 3912 1181 3968 rectam
1209 3923 1225 3967 e
1250 3925 1284 3982 z;
1309 3899 1460 3968 cathetus
1483 3920 1561 3989 pro-

465 4029 615 4098 trahatur
638 4041 649 4096 t
671 4033 707 4110 tc‚·
728 4030 930 4119 equidistans
963 4050 1040 4117 ergo
1070 4039 1119 4095 est
1144 4039 1155 4094 t
1177 4030 1196 4093 lt
1227 4038 1315 4095 recte
1346 4031 1416 4094 de.
1448 4027 1561 4105 Quare

465 4159 646 4249 triangulus
672 4170 683 4225 t
705 4160 726 4223 lc
749 4183 769 4224 z
792 4159 907 4225 similis
933 4169 982 4225 est
1013 4157 1179 4245 triangulo
1203 4161 1223 4222 o
1246 4179 1261 4222 e
1283 4180 1320 4236 z;
1342 4166 1391 4223 θεῖ
1412 4173 1493 4243 ergo
1515 4155 1560 4221 si-

465 4282 1559 4374 outzdadzt,itadeadtlt.Sedproportiozdadzt
1625 4376 1628 4381 ι

536 4560 569 4619 (ι)
588 4563 650 4612 vent
668 4565 717 4624 εἰς.
737 4564 775 4614 tt.
