4175 5792
1521 710 1584 774 too

496 856 666 945 proportio
683 855 825 922 duarum
845 855 1104 922 differentiarum
1121 856 1308 924 cadentium
1324 857 1407 922 inter
1424 865 1489 922 tres
1504 874 1584 942 qua·

495 981 609 1050 dratos
632 1004 806 1060 numeros,
830 983 888 1050 fiat
911 985 1008 1050 sicut.
1031 986 1062 1050 2.
1087 995 1135 1052 est
1160 983 1202 1051 ad
1226 987 1257 1050 9.

564 1112 729 1200 Accipiam
740 1111 882 1199 primum
894 1108 1092 1198 quadratum
1104 1111 1161 1199 qui
1173 1109 1410 1199 fitaquinario,
1422 1109 1479 1198 qui
1491 1108 1582 1175 addit

497 1259 598 1328 super
612 1239 813 1328 quadratum
832 1238 894 1305 sibi
911 1236 1157 1306 antecedentem
1176 1239 1335 1328 imparem
1351 1237 1435 1304 duos
1450 1247 1584 1304 octona·

494 1365 572 1431 rios.
584 1366 626 1430 Et
637 1363 765 1432 habebo
778 1367 884 1453 ipsum
897 1384 956 1453 pro
971 1366 1077 1454 primo
1087 1365 1260 1454 quadrato,
1273 1368 1299 1432 si
1312 1365 1465 1456 possibile
1476 1365 1582 1440 fuerit,

497 1502 531 1558 et
546 1490 802 1581 proportionabo
814 1492 902 1579 ipsos
914 1490 997 1558 duos
1010 1492 1195 1558 octonarios
1207 1511 1282 1558 oum
1299 1492 1487 1578 octonarijs,
1499 1510 1583 1580 quos

496 1615 589 1684 addit
611 1638 750 1706 sequens
769 1616 949 1707 quadratus
968 1617 1074 1706 impar
1092 1639 1190 1708 super
1208 1618 1406 1706 quadratum
1424 1618 1582 1705 quinarij,

494 1743 621 1811 scilicet
643 1765 729 1812 cum.
755 1747 787 1812 3.
810 1747 1007 1833 octonarijs,
1026 1756 1059 1812 et
1076 1746 1155 1834 quia
1175 1747 1344 1833 proportio
1367 1746 1417 1814 de.
1437 1749 1467 1813 2.
1489 1745 1530 1813 ad
1550 1748 1581 1813 3.

493 1893 561 1940 non
584 1883 634 1939 est
657 1874 751 1940 sicut.
772 1877 805 1941 2.
827 1874 869 1940 ad
887 1878 928 1949 9,
949 1895 1048 1962 super
1072 1883 1136 1940 tres
1156 1874 1341 1940 octonarios
1363 1872 1483 1942 addam
1501 1895 1583 1963 qua·
1701 1886 1705 1893 ·

494 2009 572 2068 tuor
595 2002 801 2078 octonarios,
838 2022 921 2089 quos
955 2002 1045 2069 addit
1079 2002 1260 2091 quadratus
1296 2003 1461 2089 nouenarij
1486 2023 1584 2090 super

490 2128 692 2218 quadratum
718 2131 914 2220 septenarij,
942 2142 977 2199 et
1000 2142 1096 2199 erunt
1120 2143 1243 2221 septem
1267 2131 1446 2217 octonarij,
1469 2132 1584 2198 eterit

492 2256 664 2345 proportio
688 2255 830 2323 duorum
853 2260 1095 2326 octonariorum
1120 2259 1162 2325 ad
1184 2269 1308 2349 septem
1333 2259 1517 2325 octonarios
1539 2259 1582 2323 si-

493 2392 561 2450 out.
576 2386 607 2450 2.
622 2383 673 2450 ad.
694 2384 724 2450 7.
746 2383 808 2451 Sed
828 2385 996 2474 proportio
1014 2384 1064 2452 de.
1078 2385 1177 2461 aad.
1200 2389 1230 2452 7.
1251 2395 1299 2451 est
1319 2385 1423 2450 maior
1445 2403 1581 2472 propor-

491 2511 578 2578 tione
600 2533 700 2600 quam
721 2511 829 2580 habet.
850 2517 881 2582 2.
902 2513 944 2579 ad
964 2517 994 2580 9.
1016 2515 1124 2593 Quare
1142 2536 1249 2603 super.
1274 2517 1304 2580 7.
1328 2513 1504 2599 octonarijs
1523 2511 1580 2579 ad-

491 2637 570 2705 dam
594 2639 836 2706 multitudinem
860 2642 1104 2708 octonariorum
1136 2641 1310 2709 additionis
1330 2640 1494 2729 sequentis
1519 2640 1577 2704 im·

492 2766 584 2854 peris
607 2765 779 2853 quadrati,
803 2769 873 2835 eius
896 2768 1045 2836 videlicet
1062 2771 1119 2859 qui
1139 2769 1199 2836 fuit
1222 2770 1274 2837 ab.
1301 2773 1353 2836 tt.
1377 2780 1472 2835 erunt
1492 2778 1582 2835 octo·

494 2894 591 2981 narij.
612 2897 665 2962 tt.
686 2895 728 2961 ad
746 2917 844 2985 quem
865 2917 1060 2972 numerum,
1082 2917 1155 2963 cum
1177 2896 1242 2963 duo
1263 2897 1405 2965 habeant
1422 2897 1581 2964 minorem

491 3025 738 3113 proportionem
759 3047 860 3113 quam
879 3023 931 3093 ad.
944 3026 975 3089 9.
988 3021 1163 3111 duplicabo
1175 3045 1327 3092 numeros
1346 3025 1581 3113 proportionis,

491 3151 626 3218 scilicet.
651 3155 682 3219 2.
704 3163 746 3220 et.
766 3157 796 3219 9.
817 3166 849 3221 et
874 3151 1004 3222 habebo
1030 3151 1059 3214 t.
1081 3161 1122 3218 et.
1146 3156 1198 3220 ta.
1218 3155 1259 3219 Et
1279 3152 1492 3220 considerabo
1508 3172 1582 3241 pro·

490 3279 675 3366 portionem
697 3301 797 3368 quam
821 3280 930 3351 habet.
957 3287 987 3351 ι.
1013 3286 1055 3352 ad
1078 3294 1266 3374 sequentem
1289 3282 1350 3348 sibi
1382 3302 1577 3355 numerum,

493 3407 617 3474 scilicet
634 3406 686 3473 ad.
705 3413 734 3475 5.
753 3410 807 3476 uel
822 3410 861 3476 ad
880 3411 963 3479 duos
978 3423 1149 3502 sequentes
1165 3431 1331 3486 numeros
1350 3411 1472 3477 scilicet
1487 3408 1538 3476 ad.
1558 3412 1578 3475 5

492 3538 526 3602 et
550 3537 591 3602 ad
614 3539 645 3602 6.
669 3538 721 3604 uel
744 3538 786 3605 ad
809 3550 873 3607 tres
896 3552 1066 3631 sequentes
1090 3561 1261 3614 numeros,
1285 3540 1388 3606 donec
1414 3540 1578 3606 inueniam

491 3664 567 3733 inde
589 3667 832 3754 proportionem
851 3689 951 3756 quam
972 3667 1081 3736 babet.
1099 3670 1127 3734 d.
1151 3669 1202 3736 ad.
1217 3673 1269 3736 t8.
1290 3682 1322 3736 et
1341 3666 1405 3734 hoc
1424 3669 1485 3735 erit
1502 3691 1577 3735 cum

491 3812 648 3880 accepero
667 3797 686 3862 b
703 3797 913 3885 quaternario
934 3805 1000 3863 tres
1018 3806 1189 3885 sequentes
1208 3816 1375 3870 numeros,
1397 3797 1527 3863 scilicet.
1547 3799 1575 3861 5.

492 3929 535 3986 et.
557 3923 588 3986 6.
609 3931 651 3988 et.
673 3923 703 3988 7.
726 3924 783 4011 qui
807 3922 940 3989 iaciunt.
962 3926 1015 3990 ta.
1035 3923 1077 3990 ad
1096 3945 1194 4012 quem
1215 3945 1397 3992 numerum.
1423 3926 1452 3990 d.
1478 3923 1577 3990 habet

489 4052 735 4136 proportionem
757 4071 830 4116 eam
853 4072 953 4139 quam
977 4049 1087 4118 habet.
1112 4054 1142 4119 2.
1167 4050 1218 4117 ad.
1244 4054 1274 4117 9.
1299 4065 1331 4119 et
1354 4062 1487 4140 propter
1511 4049 1574 4117 boc

492 4175 625 4244 inuenta
643 4189 691 4244 est
710 4178 829 4244 solutio
848 4180 1050 4267 questionis,
1074 4191 1106 4246 et
1129 4179 1258 4248 habebo
1280 4203 1337 4269 pro
1361 4182 1473 4268 maiorj
1495 4203 1577 4269 qua-

491 4301 586 4369 drato
608 4304 715 4391 ipsum
735 4306 790 4395 qui
806 4316 855 4372 est
873 4327 893 4373 a
913 4309 965 4372 db.
990 4306 1113 4373 scilicet
1135 4309 1210 4375 225.
1235 4331 1308 4397 que.
1334 4312 1386 4376 db.
1411 4306 1574 4375 habentur

490 4446 530 4492 ex
552 4425 652 4514 duplo
671 4428 712 4496 de
731 4432 761 4507 7,
778 4449 846 4498 uno
862 4430 993 4507 addito,
1014 4443 1047 4498 et
1063 4445 1111 4500 est
1128 4434 1331 4524 quadratus,
1351 4437 1407 4524 qui
1425 4437 1461 4501 fit
1479 4440 1498 4505 d
1516 4438 1574 4513 to,

489 4553 612 4623 addens
635 4578 733 4647 super
755 4557 973 4646 quadratum,
1000 4561 1055 4649 qui
1080 4560 1116 4627 fit
1139 4561 1181 4627 ad
1205 4565 1269 4638 tt,
1294 4576 1417 4653 septem
1441 4578 1575 4634 octona-

490 4683 574 4760 rios,
608 4685 615 4773 Ι
645 4697 677 4752 et
706 4685 907 4776 quadratus,
927 4688 981 4776 qui
1006 4686 1042 4753 fit
1065 4693 1084 4758 d
1107 4690 1170 4765 t3,
1196 4689 1285 4758 addit
1308 4713 1406 4782 super
1433 4694 1573 4784 quadra·
1597 4714 1727 4758 rotomo·
