4175 5792
1455 709 1496 773 tt

400 857 456 923 bat
479 861 495 940 i
512 861 608 926 unius
626 861 770 948 denarij,
794 874 825 928 et
843 872 950 929 turtur
968 862 1099 929 ualebat
1115 865 1129 942 t
1151 861 1247 928 unius
1261 859 1383 944 denarij
1402 909 1408 932 ‚
1433 857 1491 923 sci·

399 985 473 1051 iicet
495 991 510 1067 ξ
533 989 630 1053 unius
663 987 786 1078 denarij
822 992 895 1078 pius
918 992 1021 1078 pretio
1044 990 1204 1077 passeris,
1227 999 1259 1054 et
1284 987 1411 1053 mutaui
1436 986 1493 1051 ite-

401 1134 472 1178 rum
486 1135 586 1180 unum
602 1136 642 1181 ex
658 1116 845 1204 passeribus
858 1121 890 1182 in
902 1117 1104 1193 columbam,
1124 1127 1156 1184 et
1174 1117 1360 1182 melioratus
1372 1133 1444 1178 sum
1461 1112 1492 1176 in

402 1239 471 1326 ipsa
496 1240 677 1308 mutatione
695 1240 877 1324 denarios}
894 1246 926 1317 1,
950 1242 1073 1309 scilicet
1091 1240 1274 1308 differentia
1293 1249 1422 1329 quaest
1442 1243 1460 1303 a
1478 1241 1495 1319 ὲ

400 1365 498 1432 unius
520 1365 643 1454 denarij
665 1390 769 1458 usque
793 1370 825 1435 in
848 1369 998 1436 denarios
1022 1373 1064 1446 2,
1089 1380 1121 1436 ct
1145 1369 1203 1434 feci
1230 1378 1337 1434 sextas
1361 1390 1402 1434 ex
1427 1368 1495 1453 ipsu

401 1490 536 1557 denario
550 1495 594 1574 tt
617 1545 623 1569 ,
646 1507 679 1562 et
703 1496 834 1563 fuerunt
856 1507 954 1563 sexte.
976 1500 1029 1565 10.
1050 1508 1082 1565 et
1097 1494 1276 1563 secuudum
1296 1493 1358 1560 hoc
1378 1512 1496 1581 oppcr-
1607 1509 1609 1514 ·

403 1618 465 1683 tuit
481 1641 533 1686 me
557 1631 685 1689 mutare
708 1644 853 1710 passeres
869 1625 900 1688 in
920 1636 1063 1691 turtures
1079 1636 1110 1690 et
1126 1623 1310 1696 columbas,
1329 1621 1433 1687 donec
1458 1641 1497 1686 ex

403 1745 474 1832 ipsa
492 1750 670 1817 mutatione
683 1753 876 1838 proueniant
898 1753 918 1818 il
934 1752 1080 1840 lidenarij
1099 1754 1152 1828 20,
1173 1773 1256 1842 quus
1268 1751 1417 1838 superius
1432 1771 1498 1814 ser-

403 1876 503 1955 uaui3
520 1897 622 1964 quare
640 1899 679 1944 ex
695 1880 771 1967 ipsis
790 1879 848 1946 feci
864 1890 972 1946 sextas
986 1929 993 1954 ,
1009 1891 1042 1946 et
1061 1880 1193 1946 suerunt
1210 1890 1298 1946 sexte
1317 1879 1396 1951 120,
1412 1899 1495 1966 quas

401 2000 499 2069 diuisi
520 2004 551 2068 in
570 2005 652 2072 duas
668 2018 797 2094 partes,
817 2030 958 2097 quarum
978 2029 1044 2074 una
1062 2019 1171 2095 posset
1190 2005 1292 2072 diuidi
1314 2027 1371 2094 per
1391 2005 1433 2070 10
1452 2004 1499 2067 iu-

404 2131 580 2218 tegraliter‚
595 2143 627 2199 et
650 2133 713 2199 alia
736 2155 794 2221 per
816 2139 851 2208 1,
875 2146 907 2201 et
925 2156 1022 2200 suma
1043 2133 1109 2224 (sic)
1136 2134 1306 2219 utriusque
1328 2130 1499 2197 diuisionis

403 2278 468 2323 non
484 2260 671 2328 ascenderet
689 2263 720 2328 in
736 2264 799 2340 303
824 2274 856 2327 et
879 2262 938 2327 fuit
962 2263 1069 2350 prima
1092 2281 1167 2347 pars
1192 2261 1256 2327 110
1273 2309 1280 2331 .
1302 2257 1495 2330 exaltato,

403 2397 435 2448 et
458 2383 554 2451 diuisi
571 2388 710 2473 primam
728 2399 866 2474 partem,
897 2389 903 2475 Ι
932 2388 1055 2454 scilicet
1070 2388 1150 2460 110,
1174 2405 1231 2471 per
1248 2386 1305 2459 10,
1328 2393 1360 2448 et
1383 2402 1498 2448 secun·
1528 2404 1552 2448 ror
1568 2404 1648 2437 uum
1718 2390 1722 2400 “

402 2512 480 2579 dam
504 2536 562 2604 per
585 2520 626 2590 1,
650 2529 681 2584 et
705 2517 804 2584 habui
829 2516 1000 2583 columbas
1025 2518 1088 2589 11,
1113 2526 1145 2580 et
1171 2524 1313 2580 turtures
1338 2512 1401 2585 10,
1427 2510 1500 2598 qui-

404 2639 467 2706 bus
488 2643 641 2709 extractis
663 2643 703 2710 de
726 2643 844 2711 auibus
878 2645 941 2717 30,
967 2653 1191 2710 remanserunt
1214 2644 1254 2716 9,
1281 2661 1339 2728 pro
1363 2659 1498 2705 numero

407 2789 596 2855 passerum,
620 2771 676 2857 qui
701 2792 848 2858 passeres
883 2752 994 2839 ualent
1024 2769 1147 2857 denarij
1173 2773 1214 2843 3,
1236 2780 1268 2833 et
1292 2778 1435 2834 turtures
1458 2769 1500 2831 11)

407 2896 514 2964 valent
536 2896 660 2964 denarii
685 2903 726 2973 5,
750 2909 782 2964 et
805 2899 957 2965 columbe
977 2902 1011 2965 11
1035 2898 1144 2964 ualent
1159 2895 1292 2963 denarii.
1317 2896 1380 2968 22,
1406 2894 1499 2960 etsie

407 3046 446 3090 ex
476 3024 545 3092 istis
569 3026 673 3092 tribus
695 3027 870 3114 generibus
897 3028 1009 3092 auium
1039 3022 1250 3090 habebuntur
1274 3044 1351 3088 aues
1375 3023 1417 3087 30
1443 3041 1501 3107 pro

408 3151 452 3214 30
475 3150 638 3236 denarijs,
662 3163 699 3215 ut
722 3152 886 3238 quesitum
909 3163 967 3217 est.

871 3410 913 3471 De
934 3410 1043 3471 ecdem.

480 3668 524 3731 Er
547 3669 573 3732 si
596 3670 750 3735 uolumus
768 3667 887 3734 habere
904 3689 982 3734 aues
999 3670 1041 3732 29
1063 3686 1121 3754 pro
1140 3665 1283 3751 denarijs
1302 3665 1365 3737 29,
1388 3662 1501 3729 eodem

413 3792 512 3858 modo
535 3813 709 3881 possumus
731 3797 882 3883 operari,
907 3795 1055 3862 videlicet
1077 3794 1217 3882 pretium
1242 3795 1284 3859 29
1308 3812 1500 3881 passerum,

412 3922 469 4010 qui
493 3930 568 3985 sunt
591 3941 669 3988 aues
694 3924 844 3999 uiliores,
867 3922 1076 3990 extrahemus
1095 3921 1135 3990 de
1158 3923 1299 4008 denarijs
1323 3923 1386 3995 29,
1410 3931 1441 3985 et
1465 3918 1505 3982 de

416 4047 548 4135 reliquis
571 4046 726 4115 faciemus
741 4062 870 4126 sextas,
894 4065 926 4119 et
941 4061 1036 4118 erunt
1055 4062 1145 4118 sexte
1168 4054 1255 4127 116,
1276 4071 1358 4138 quas
1381 4046 1506 4112 diuide-

416 4196 489 4239 mus
513 4173 630 4240 iterum
656 4176 793 4244 induas
820 4188 950 4265 partes,
983 4199 1123 4266 quarum
1148 4200 1213 4244 una
1238 4175 1405 4242 diuidatur
1429 4174 1508 4238 inte-

415 4305 548 4392 graliter
570 4325 627 4392 per
650 4306 710 4378 rt,
737 4305 893 4372 etaltera
916 4327 972 4392 per
995 4310 1037 4382 1,
1062 4317 1094 4373 et
1116 4325 1245 4372 summa
1266 4303 1435 4390 utriusque
1457 4299 1505 4366 di-

417 4431 552 4497 uisionis
585 4451 649 4496 non
684 4430 837 4498 ascendat
860 4433 893 4497 in
916 4433 978 4507 29,
1015 4455 1079 4520 que
1111 4442 1221 4519 partes
1244 4429 1417 4516 dupliciter
1439 4425 1507 4493 fieri

417 4567 573 4644 possunt;
597 4558 738 4644 primum
775 4566 810 4622 ut
834 4556 939 4644 prima
972 4579 1047 4646 pars
1070 4558 1111 4623 sit
1135 4558 1220 4633 110,
1245 4555 1388 4623 secunda
1412 4557 1452 4628 6,
1477 4564 1508 4619 et
