4175 5792
514 667 555 732 48

559 819 639 881 tium
656 819 698 884 40
714 871 720 893 ,
743 834 775 888 et
797 823 899 890 altera
915 829 978 903 20,
1002 840 1034 894 et
1053 829 1196 896 diuidam
1219 831 1261 894 40
1282 851 1338 918 per
1357 835 1400 904 8,
1429 831 1560 898 uenient
1579 850 1645 918 per·

557 942 645 1011 dices
669 949 709 1023 5,
733 962 765 1016 et
788 949 933 1019 diuidam
953 957 996 1021 20
1021 977 1077 1044 per
1097 959 1117 1023 5
1135 957 1266 1025 uenient
1285 957 1438 1025 columbe
1457 959 1498 1034 4,
1526 959 1644 1046 relique

561 1094 626 1160 que
647 1086 723 1140 sunt
746 1099 849 1166 usque
873 1081 903 1145 in
927 1082 990 1155 30,
1014 1083 1137 1150 scilicet
1161 1086 1197 1151 24
1218 1135 1225 1159 ,
1249 1096 1325 1151 sunt
1349 1106 1504 1173 passeres.

624 1200 710 1266 lrem
728 1222 874 1290 passeres
890 1210 909 1272 ὃ
927 1206 1035 1273 ualent
1053 1206 1224 1274 denarium
1240 1211 1270 1283 4,
1285 1221 1317 1275 et
1334 1220 1478 1276 turtures
1493 1211 1514 1276 3
1530 1208 1646 1277 dentur

560 1347 618 1413 pro
631 1348 697 1394 uno
712 1328 856 1407 denario,
868 1343 900 1399 et
911 1334 1065 1401 columba
1077 1335 1186 1401 ualeat
1202 1335 1351 1402 denarios
1366 1339 1398 1413 2,
1414 1349 1447 1404 et
1464 1336 1576 1425 perdix
1592 1359 1645 1403 ua·

560 1453 624 1522 leat
636 1453 786 1523 denarios
798 1461 829 1534 3,
852 1470 884 1524 et
907 1460 983 1526 uolo
1000 1482 1039 1526 ex
1056 1459 1106 1526 his
1127 1473 1271 1550 quatuor
1281 1462 1453 1552 generibus
1465 1465 1579 1530 auium
1593 1463 1645 1530 ha·

327 1676 394 1695 ...-.
560 1587 637 1654 here
652 1607 731 1653 aues
747 1588 789 1660 24
809 1608 867 1674 pro
884 1586 1025 1675 denarijs
1044 1588 1098 1654 24.
1124 1590 1244 1655 Ponam
1269 1591 1373 1679 pratia
1395 1592 1648 1681 uniuscuiusque

327 1723 520 1835 ιαμ-ἥρω
560 1717 685 1804 generis
711 1715 823 1781 auium
844 1715 874 1780 in
895 1715 1028 1792 ordine,
1048 1716 1196 1784 videlicet
1219 1723 1234 1799 }
1256 1732 1288 1786 et
1310 1724 1327 1801 ξ,
1348 1731 1380 1786 et
1396 1722 1428 1796 2,
1451 1732 1483 1786 et
1507 1723 1539 1794 3,
1563 1732 1600 1788 ut
1616 1721 1643 1785 jn

327 1838 346 1955 ζ.
369 1837 468 1957 {22⁰
561 1843 705 1932 margine
726 1844 891 1920 cernitur,
915 1854 948 1909 et
970 1843 1138 1910 extraham
1165 1848 1302 1932 pretium
1328 1846 1423 1912 unius
1446 1847 1586 1934 passeris
1608 1845 1644 1912 de

327 1985 407 2058 „L
434 1981 484 2056 l„
560 1975 662 2062 pretio
686 1974 845 2062 cuiusque
861 1973 1061 2063 reliquorum
1086 1976 1183 2066 trium
1207 1995 1378 2062 generum,
1399 1974 1522 2041 scilicet
1541 1978 1558 2054 4
1579 1973 1645 2055 (4εὲ

328 2169 330 2183 ,
366 2050 462 2218 huf
559 2116 591 2168 ot
606 2099 646 2167 de
662 2103 697 2178 2,
713 2111 744 2167 et
760 2100 800 2168 de
814 2101 847 2176 3,
863 2113 895 2168 et
908 2100 1037 2167 residua
1049 2121 1170 2188 ponam
1181 2121 1279 2188 snper
1292 2100 1362 2186 ipsa
1374 2101 1478 2187 pretia
1489 2123 1548 2189 per
1561 2101 1644 2168 ordi·

327 2287 335 2306 .
345 2269 391 2326 μ
421 2243 445 2330 q
560 2255 649 2310 nem,
665 2243 697 2299 et
709 2230 838 2297 habebo
853 2232 1031 2319 paupert.
1053 2233 1134 2309 etti
1150 2282 1157 2307 ,
1176 2229 1351 2308 scilicetss,
1371 2250 1470 2316 super
1486 2232 1523 2308 2,
1541 2233 1644 2311 etth,

558 2361 680 2427 scilicet
695 2362 738 2439 44,
754 2380 851 2448 super
868 2361 903 2437 33
929 2356 1045 2424 deinde
1064 2357 1203 2445 pretium
1220 2357 1262 2422 24
1287 2376 1454 2444 passerum
1478 2358 1643 2424 extraham

500 2522 503 2535 =
558 2487 598 2554 de
610 2488 752 2575 dunarijs
768 2489 824 2562 24,
843 2485 1060 2553 remanebunt
1078 2483 1201 2571 denarij
1218 2486 1233 2563 4
1251 2487 1308 2560 49,
1324 2505 1409 2574 quos
1424 2486 1644 2575 multiplicabo

559 2638 616 2706 per
633 2619 692 2692 45,
708 2627 745 2682 ut
762 2615 878 2682 laciam
893 2615 994 2681 exeis
1012 2612 1252 2701 quindecimas,
1271 2613 1355 2679 sicut
1373 2625 1449 2680 sunt
1467 2613 1645 2682 differentia

556 2743 796 2831 suprascripte,
825 2748 973 2820 eruntf3
1001 2739 1080 2813 288,
1103 2760 1187 2828 quas
1210 2738 1355 2806 diuidam
1380 2741 1412 2805 in
1437 2751 1502 2807 tres
1525 2753 1643 2830 partes,

558 2891 699 2956 quarum
721 2871 726 2957 Ι
746 2891 811 2934 una
828 2868 1026 2956 integraliter
1037 2865 1273 2956 diuidaturper
1289 2867 1343 2940 42,
1360 2868 1505 2935 etaltera
1520 2891 1578 2957 per
1593 2871 1643 2942 27,

556 3014 588 3067 ει
612 3000 705 3067 tertia
730 3021 787 3088 per
806 3001 846 3074 2,
870 2999 949 3088 quia
972 2998 1155 3065 melioratio
1179 2996 1370 3062 mutationis
1392 2998 1489 3062 nnius
1508 2997 1644 3084 passeris

563 3131 592 3193 in
617 3127 779 3217 perdicem
797 3137 845 3192 est
860 3131 902 3203 44,
927 3136 959 3191 et
975 3126 1157 3192 melioratio
1176 3127 1365 3192 mutationis
1389 3125 1530 3213 passeris
1546 3125 1578 3189 in
1593 3143 1644 3190 oo·

557 3255 703 3322 lumbam
719 3266 767 3322 est
781 3259 824 3335 44,
850 3265 881 3320 et
901 3254 1082 3319 melioratio
1102 3254 1292 3328 mutationis
1311 3254 1450 3341 passeris
1469 3253 1500 3317 in
1521 3254 1643 3319 colum·

557 3384 632 3450 bam
645 3397 693 3450 est
709 3389 752 3465 ἐξ,
764 3397 796 3450 ει
813 3383 992 3450 melioratio
1011 3381 1201 3448 mutationis
1218 3382 1356 3469 passeris
1372 3382 1404 3446 in
1422 3390 1583 3445 turturem
1599 3392 1645 3448 ast

555 3513 598 3588 rh»
618 3523 650 3576 et
667 3511 738 3577 ideo
752 3509 924 3577 diuidenda
935 3516 1066 3588 suntfp
1078 3511 1144 3575 288
1160 3511 1192 3574 in
1209 3521 1272 3576 tres
1285 3522 1407 3598 partes,
1420 3528 1561 3597 quarum
1580 3531 1644 3576 una

556 3632 724 3703 diuidatur
743 3637 940 3726 integraliter
957 3659 1015 3725 per
1031 3641 1088 3714 42,
1107 3624 1250 3706 secunda
1265 3659 1322 3726 per
1337 3639 1394 3712 27,
1418 3638 1512 3703 tertia
1537 3660 1596 3726 per
1611 3642 1646 3715 2,

554 3778 586 3834 et
597 3764 684 3854 quod
697 3788 736 3833 ex
754 3767 830 3854 ipsis
844 3766 948 3832 tribus
960 3766 1176 3833 diuisionihus
1187 3768 1372 3854 prouenerit
1383 3765 1479 3833 cadat
1493 3768 1574 3834 inira
1587 3792 1649 3836 nu·

556 3923 679 3968 merum
696 3901 808 3966 auium
821 3910 1020 3986 emptarum,
1038 3900 1160 3966 scilicet
1177 3899 1256 3964 inira
1268 3899 1326 3974 24,
1342 3902 1429 3988 quod
1444 3904 1561 3990 poterit
1573 3901 1644 3990 fierj

553 4030 724 4120 dupliciter
738 4052 744 4108 ;
764 4030 904 4115 primum
926 4028 966 4094 de
979 4029 1044 4094 288
1058 4026 1225 4092 extraham
1244 4029 1464 4117 quadruplum
1480 4030 1520 4097 de
1536 4032 1592 4110 42,
1609 4045 1644 4101 et

553 4156 593 4223 de
612 4159 669 4233 27,
688 4155 808 4221 scilicet
823 4157 887 4220 l68
903 4164 935 4220 at
951 4156 1031 4227 408,
1047 4176 1111 4241 que
1126 4166 1202 4220 sunt
1214 4156 1246 4220 in
1258 4177 1387 4222 summa
1398 4159 1479 4235 270,
1495 4171 1527 4225 ot
1541 4183 1645 4230 rema·

554 4282 675 4349 nebunt
694 4303 752 4371 pro
772 4283 864 4348 tertia
886 4293 977 4371 parte
997 4282 1055 4354 42,
1072 4294 1104 4346 et
1124 4280 1268 4348 diuidam
1294 4287 1359 4350 468
1376 4308 1433 4373 par
1454 4288 1510 4362 42,
1529 4301 1561 4355 et
1579 4293 1646 4360 408

553 4425 609 4490 per
627 4409 683 4480 24,
706 4420 738 4474 ει
762 4409 804 4474 42
824 4428 881 4494 per
899 4408 935 4482 2,
958 4408 1086 4474 uenient
1110 4407 1256 4496 perdices
1275 4411 1309 4484 4,
1328 4423 1360 4476 ει
1380 4412 1532 4479 columbe
1553 4415 1586 4489 4,
1612 4431 1646 4484 ot

554 4545 695 4601 turtures
715 4539 750 4609 0,
774 4559 838 4624 que
857 4547 931 4601 sunt
957 4537 987 4601 in
1007 4558 1135 4602 summa
1155 4558 1233 4603 aues
1257 4538 1313 4611 44,
1333 4537 1455 4626 reliquo
1478 4563 1544 4629 que
1566 4558 1646 4612 sunt
