4175 5792
1558 689 1598 753 17

504 816 589 880 linea
605 837 626 882 o
643 818 674 891 b,
692 827 727 882 ut
743 815 1002 883 demonstratum
1019 826 1084 890 est,
1097 837 1162 882 non
1174 829 1223 883 est
1238 818 1348 906 aliqua
1360 841 1399 886 ex
1410 818 1595 906 quindecim
1633 840 1662 886 rt
1674 840 1744 872 trem

503 944 608 1022 lineiS,
626 944 803 1033 dequibus
819 943 855 1009 fit
872 945 992 1010 mentio
1006 945 1047 1008 in.
1060 943 1109 1009 x.⁰
1118 942 1255 1011 euclidis
1266 954 1302 1010 ut
1318 945 1452 1034 predixi.
1465 947 1507 1011 Et
1518 944 1596 1033 quia

504 1072 564 1139 hec
575 1072 702 1160 questio
714 1072 797 1138 solui
809 1092 874 1138 non
885 1072 992 1160 potuit
1001 1073 1033 1137 in
1043 1071 1153 1160 aliquo
1166 1074 1475 1163 suprascriptorum,
1485 1071 1595 1139 studui

501 1197 698 1265 solutionem
710 1197 834 1265 eiusad
846 1198 1122 1288 propinquitatem
1138 1199 1303 1268 reducere.
1316 1202 1357 1266 Et
1373 1201 1481 1267 iuueni
1495 1221 1594 1265 unam

500 1347 552 1391 ex.
566 1348 596 1391 x.
609 1324 776 1393 radicibus
794 1327 983 1405 nominatis,
995 1327 1118 1395 scilicet
1137 1349 1342 1396 numerumo
1361 1331 1394 1405 b,
1409 1325 1590 1395 secundum

502 1455 779 1543 propinquitatem
801 1476 873 1522 esse
896 1476 999 1522 unum
1022 1465 1055 1520 et
1080 1454 1214 1520 minuta.
1231 1474 1305 1520 xxii.
1322 1463 1353 1520 et
1369 1453 1523 1521 secunda.
1541 1473 1592 1517 ru.

502 1590 537 1645 et
555 1580 657 1646 tertia.
680 1601 751 1647 (ιιι.
768 1592 800 1646 et
814 1591 943 1668 quarta.
965 1601 1073 1647 xxxru.
1093 1592 1125 1647 et
1141 1580 1265 1669 quinta.
1290 1601 1342 1647 uu.
1364 1592 1396 1649 et
1418 1591 1518 1648 sexta.
1542 1602 1590 1646 xn.

581 1780 624 1843 De
647 1781 746 1844 tribus
769 1778 941 1845 tomtnttes
960 1784 1124 1867 pecuniam
1146 1798 1301 1844 comunem
1324 1778 1510 1844 habentibus.

566 1964 645 2029 Tuus
657 1963 805 2032 homiues
818 1964 985 2033 habebant
999 1967 1173 2055 pecuniam
1190 1986 1374 2043 comunem,
1392 1966 1433 2033 de
1443 1988 1510 2055 qua
1523 1989 1588 2032 me-

497 2089 602 2157 dietas
624 2103 695 2159 erat
717 2062 833 2180 primi,
859 2095 954 2160 tertia
973 2093 1119 2161 secundi.
1143 2095 1239 2161 Sexta
1256 2114 1389 2184 quoque
1408 2116 1484 2184 pars
1504 2094 1587 2161 tertii

498 2216 661 2296 hominis,
684 2231 716 2288 et
739 2241 816 2287 cum
831 2242 902 2288 eam
920 2223 953 2287 in
970 2224 1080 2289 tutiori
1099 2223 1171 2289 loeo
1190 2221 1313 2290 habere
1331 2223 1529 2299 uoluissent,
1548 2246 1588 2290 ex

497 2367 537 2412 on
561 2348 787 2436 unusquisque
809 2350 896 2435 cepit
919 2348 1077 2424 fortuitu,
1097 2359 1129 2416 et
1151 2369 1228 2415 eum
1249 2360 1351 2416 totam
1374 2349 1417 2416 ad
1434 2351 1586 2417 tutiorem

499 2482 609 2547 locum
632 2479 876 2570 deportassent,
901 2480 1026 2569 primus
1053 2502 1091 2546 ex
1115 2480 1178 2548 hoe
1200 2480 1290 2571 quod
1313 2483 1399 2571 cepit
1421 2484 1530 2573 posuit
1554 2485 1585 2550 in

495 2628 637 2675 comune
653 2606 881 2684 medietatem,
900 2606 1065 2675 secundus
1084 2609 1233 2683 tertiam,
1257 2610 1372 2677 tertius
1394 2622 1533 2689 sextam,
1552 2623 1585 2679 ot

497 2759 574 2803 eum
592 2758 633 2803 ex
648 2735 711 2803 hoc
726 2734 816 2825 quod
833 2737 866 2802 in
878 2756 1018 2803 comune
1033 2738 1175 2825 positum
1196 2708 1264 2804 luit
1275 2739 1359 2805 inter
1376 2761 1411 2807 se
1426 2741 1585 2829 equaliter

495 2864 702 2939 diuisissent,
719 2884 814 2930 suam
830 2863 1056 2951 unusquisque
1074 2863 1191 2931 habuit
1210 2867 1394 2953 portionem
1408 2891 1415 2948 ;
1437 2869 1585 2956 queritur

494 3002 619 3080 (quanta
637 2990 697 3056 suit
720 2990 775 3056 illa
799 2992 957 3077 pecunia,
980 3002 1012 3057 et
1035 3003 1117 3082 quot
1135 2995 1360 3082 unusquisque
1378 3018 1417 3063 ex
1432 3017 1471 3063 ea
1486 2999 1581 3085 cepit.

494 3121 562 3186 lleo
577 3120 687 3207 itaque
701 3118 841 3208 questio,
853 3117 985 3186 domine
1000 3120 1205 3187 serenissime
1216 3122 1404 3210 imperator,
1417 3125 1449 3189 in
1463 3124 1583 3210 palatio

494 3261 604 3316 uestro
620 3249 698 3337 pisis
709 3269 822 3315 coram
834 3257 944 3315 uestra
964 3249 1133 3315 maiestate
1153 3253 1173 3314 a
1193 3251 1348 3336 magistro
1363 3250 1511 3318 lohanue
1529 3273 1584 3339 pa-

494 3378 681 3444 normitano
697 3375 777 3441 mihi
795 3375 855 3444 suit
870 3377 1048 3465 proposita.
1068 3376 1173 3465 Super
1187 3376 1282 3443 euius
1300 3378 1479 3465 questionis
1496 3379 1584 3445 solu-

495 3506 613 3572 tionem
629 3503 789 3592 cogitans,
809 3514 875 3571 tres
892 3503 1007 3570 modos
1023 3505 1056 3570 in
1072 3502 1230 3570 soluendo
1245 3503 1349 3591 ipsam
1367 3505 1486 3582 inueni,
1499 3488 1583 3595 quos

494 3634 525 3697 in
543 3632 625 3698 libro
643 3643 767 3708 uestro,
778 3653 877 3720 quem
893 3630 934 3698 de
944 3651 1081 3698 numero
1093 3632 1278 3720 composui,
1291 3643 1439 3720 patenter
1450 3635 1581 3700 inserui.

561 3758 622 3824 Sed
648 3778 724 3825 cum
752 3779 856 3847 nuper
888 3758 1084 3825 solutionem
1107 3755 1252 3823 eiusdem
1277 3758 1455 3844 questionis
1479 3760 1581 3828 inten-

490 3885 613 3952 derem.
637 3886 745 3952 Alium
766 3886 863 3952 nimis
898 3884 1073 3974 pulchrum
1098 3885 1232 3952 modurn
1257 3887 1387 3960 inueni.
1410 3909 1507 3977 quem
1532 3912 1581 3955 se-

493 4011 624 4079 ronitati
648 4020 755 4077 uestro
777 4009 942 4099 pandere,
976 4010 1016 4078 de
1051 4021 1161 4081 uestra
1182 4011 1382 4101 benignitate
1415 4012 1577 4087 confisus.

492 4142 618 4209 curaui.
639 4138 702 4208 Sed
721 4149 897 4228 autequam
911 4139 953 4206 ad
970 4140 1040 4207 eius
1058 4140 1254 4207 solutionem
1270 4142 1420 4216 ueniam,
1436 4140 1578 4228 quedam

494 4269 729 4337 introductoria
747 4277 855 4334 uentre
872 4268 1035 4335 maiestati
1056 4288 1237 4357 proponere
1260 4268 1394 4358 dignum
1414 4266 1502 4333 duxi.
1527 4272 1577 4335 Vi-

491 4394 608 4463 delicet
631 4417 706 4463 cum
730 4393 771 4460 de
794 4394 962 4481 aliquare
986 4395 1143 4463 medietas
1167 4396 1312 4471 tollitur,
1338 4395 1392 4461 illa
1421 4394 1577 4464 medietas

489 4525 616 4613 equalis
637 4535 686 4591 est
709 4523 831 4610 relique
856 4519 1019 4589 medietati
1042 4544 1107 4609 que
1130 4533 1284 4590 remanet.
1308 4521 1462 4590 Similiter
1484 4525 1511 4590 si
1536 4525 1576 4591 de

491 4652 600 4741 aliqua
618 4673 652 4718 re
667 4653 762 4719 tertia
777 4649 902 4717 tollitur
913 4668 1002 4737 pars,
1022 4648 1093 4735 ipsa
1110 4647 1204 4715 tertia
1220 4648 1420 4737 reliquarum
1436 4650 1574 4718 duarum

1277 4776 1291 4824 3
