4175 5792
1455 688 1497 753 29

408 837 490 917 Quia
525 858 682 905 numerus
715 835 986 925 multiplicitatis,
1009 856 1109 924 quam
1136 832 1234 901 babet
1269 832 1395 922 primus
1423 852 1498 899 eum

409 963 509 1032 bursa
528 986 627 1054 super
648 963 828 1032 secundum
848 973 881 1030 et
905 963 1035 1030 tertium
1053 961 1241 1039 hominem,
1260 971 1309 1029 est
1326 962 1360 1036 4,
1379 959 1498 1027 addam

408 1092 428 1157 l
447 1113 547 1179 super
562 1090 705 1158 radicem
724 1088 858 1156 secundi
880 1087 1033 1167 heminis,
1054 1089 1177 1156 seilicet
1195 1109 1295 1178 super
1311 1089 1348 1163 2,
1363 1097 1396 1153 et
1412 1106 1502 1174 egre-

408 1219 540 1286 dientur
555 1222 575 1285 6
593 1238 652 1309 pro
669 1217 854 1307 quantitate
877 1236 976 1306 quam
998 1216 1097 1298 babet
1122 1216 1349 1305 unusquisque
1367 1213 1501 1282 secundi

408 1356 442 1411 et
460 1346 568 1435 quarti
589 1344 750 1422 heminis,
777 1345 894 1413 deinde
917 1365 977 1435 pro
994 1344 1109 1412 eodem
1134 1343 1321 1433 quadruplo
1345 1343 1498 1432 colligam

411 1481 508 1539 .uu.⁰¹
531 1493 684 1541 numeros
707 1494 802 1562 pares
825 1472 1006 1540 seeundum
1028 1471 1118 1562 qued
1147 1482 1224 1538 sunt
1249 1472 1280 1536 in
1305 1469 1418 1537 ordine
1442 1491 1501 1537 nu-

410 1620 602 1678 merorum,
624 1600 807 1690 incipiendo
826 1600 868 1668 ab
886 1600 928 1677 4,
952 1598 1105 1666 uidelicet
1123 1600 1143 1665 l
1162 1610 1194 1666 et
1214 1600 1235 1664 6
1255 1609 1288 1666 et
1304 1601 1324 1664 8
1344 1609 1376 1666 et
1395 1600 1454 1674 40,
1469 1608 1502 1663 et

410 1738 505 1793 erunt
519 1730 577 1806 28,
589 1748 673 1818 quos
690 1727 810 1794 addam
825 1749 924 1816 super
937 1727 1081 1794 radicem
1097 1726 1211 1800 berse,
1224 1726 1347 1794 scilicet
1361 1729 1502 1814 superi,

410 1867 442 1921 et
455 1854 662 1944 egredientur
684 1858 726 1923 29
754 1876 814 1946 pro
833 1855 986 1944 bizantijs
1009 1854 1109 1923 burse
1130 1866 1162 1923 et
1185 1855 1232 1922 sie
1256 1853 1499 1943 procedendum

409 1994 458 2049 est
481 1984 514 2049 in
536 1984 691 2050 omnibus
713 1984 875 2051 similibus
897 1995 1041 2073 quatuor
1065 1983 1236 2050 hominum
1259 1982 1497 2072 questionibus.

477 2108 554 2175 lanu
576 2109 617 2177 de
636 2109 735 2176 modo
754 2109 900 2199 predicto
918 2110 1041 2177 extraxi
1063 2108 1148 2177 hanc
1171 2110 1316 2198 regulam
1332 2131 1431 2198 super
1454 2109 1503 2175 in·
1531 2118 1561 2166 44-
1570 2122 1591 2154 ¹⁰
1600 2128 1651 2154 um

411 2237 598 2304 uentionem
622 2238 722 2304 trium
745 2257 982 2314 numerorum,
1000 2257 1145 2327 quorum
1170 2239 1296 2328 primus
1310 2258 1387 2305 cum
1406 2237 1503 2304 tertia

411 2374 505 2450 parte
529 2364 728 2454 reliquorum
745 2385 957 2432 numerorum
979 2376 1093 2454 surgat
1114 2366 1145 2430 in
1166 2367 1216 2430 14.
1236 2365 1405 2432 Secundus
1420 2386 1500 2432 uero

410 2511 487 2556 cum
508 2502 628 2580 quarta
652 2504 744 2582 parte
767 2492 967 2582 reliquorum
990 2493 1094 2582 surgit
1119 2493 1150 2558 in
1175 2494 1228 2561 l7.
1254 2493 1378 2560 Tertius
1407 2514 1500 2559 nam-

410 2641 475 2707 que
497 2622 611 2702 cum}
640 2621 735 2709 primi
760 2631 793 2688 et
816 2620 950 2689 secundi
970 2624 1097 2688 numeri
1120 2623 1224 2711 surgit
1247 2622 1280 2687 in
1310 2623 1363 2687 49.
1388 2622 1501 2688 Pateat

411 2746 544 2835 quidem
567 2749 730 2816 serenitati
765 2759 873 2816 uestre
896 2747 982 2816 hanc
1015 2751 1220 2839 questionem
1243 2753 1264 2819 ai
1286 2773 1339 2817 me
1361 2749 1502 2817 solutam

410 2894 480 2942 esse
498 2875 530 2939 in
549 2875 787 2944 tertiodecimo
806 2877 951 2965 capitulo
970 2876 1043 2943 libri
1060 2879 1123 2944 mei
1140 2876 1322 2966 dupliciter.
1343 2877 1405 2945 Sed
1425 2879 1503 2967 quia

412 2998 510 3070 buius
531 3003 702 3070 solutionis
735 3004 881 3071 inuentie
904 3004 1012 3092 placet
1037 3003 1115 3070 mihi
1141 3026 1198 3094 pre
1233 3006 1350 3073 ceteris
1373 3003 1501 3075 modis.

411 3129 502 3198 uolui
525 3142 728 3198 eamuestre
744 3131 886 3220 pandere
908 3131 1081 3199 maiestati.
1105 3132 1204 3199 Posui
1227 3133 1371 3222 primum
1396 3133 1429 3197 in
1451 3152 1503 3198 or·

412 3258 519 3340 dine}
540 3262 555 3345 l
577 3262 612 3341 4,
636 3268 668 3325 et
687 3258 810 3326 extraxi
828 3279 931 3325 unum
951 3257 1106 3348 quodque
1130 3260 1276 3348 ipserum
1298 3257 1340 3324 de
1362 3277 1430 3324 uno
1453 3257 1502 3322 in·

412 3397 524 3477 tegre,
553 3397 780 3455 remanserunt
811 3392 829 3469 ξ
856 3387 954 3469 subl
976 3396 1008 3455 et
1031 3392 1045 3473 ξ
1065 3386 1128 3454 sub
1153 3390 1169 3473 4
1193 3397 1226 3453 et
1248 3393 1264 3466 3
1286 3385 1349 3452 sub
1371 3387 1407 3465 4,
1431 3396 1506 3474 pest

414 3512 477 3581 hoc
499 3514 540 3582 de
563 3515 606 3581 44
629 3524 662 3582 et
677 3516 720 3581 47
743 3525 776 3581 et
798 3513 839 3581 de
863 3516 906 3580 49
928 3514 1053 3581 extraxi
1075 3513 1118 3579 44
1137 3511 1292 3579 remansit
1309 3513 1329 3575 0
1348 3530 1446 3599 super
1461 3510 1504 3576 44

412 3652 446 3707 et
469 3643 489 3707 3
512 3663 611 3730 snper
633 3644 676 3708 47
709 3651 742 3709 et
766 3644 786 3708 5
817 3661 917 3728 super
939 3642 1002 3716 49,
1038 3651 1075 3706 ut
1100 3640 1132 3705 in
1156 3637 1327 3728 questione
1350 3639 1503 3705 cernitur.

412 3767 535 3835 Deinde
559 3769 664 3858 incepi
686 3768 728 3837 ad
751 3774 787 3851 4,
811 3780 843 3835 et
858 3766 1076 3856 multiplieaui
1100 3767 1120 3831 2
1137 3786 1195 3853 per
1210 3766 1253 3841 3,
1276 3776 1309 3831 et
1325 3763 1414 3853 quod
1431 3783 1504 3852 pro-

412 3895 506 3962 uenit
522 3893 619 3960 diuisi
638 3917 696 3984 per
715 3894 1019 3983 multiplicationem
1038 3893 1079 3960 de
1095 3895 1115 3959 3
1136 3893 1168 3957 in
1185 3894 1205 3958 2
1221 3943 1228 3967 ,
1247 3903 1279 3959 et
1303 3891 1455 3980 prouenit
1470 3892 1504 3959 l,

413 4023 502 4113 quod
520 4024 614 4112 posui
635 4024 698 4091 sub
719 4029 756 4107 4,
780 4033 813 4092 et
838 4022 1054 4111 multiplieaui
1075 4021 1194 4087 iterum
1219 4018 1333 4088 eadem
1358 4021 1379 4085 2
1403 4038 1461 4106 per
1484 4017 1504 4082 4

412 4174 478 4241 que
507 4162 584 4219 sunt
612 4150 675 4218 sub
705 4154 797 4242 uirga
818 4151 859 4219 de
882 4157 918 4238 ξ,
940 4160 973 4218 et
994 4171 1160 4216 summam
1184 4149 1281 4216 diuisi
1311 4169 1369 4236 per
1393 4149 1413 4212 3
1438 4166 1503 4234 que

414 4291 490 4347 sunt
504 4280 567 4347 sub
581 4279 689 4369 uirga,
704 4290 738 4345 et
750 4301 808 4368 per
824 4281 844 4345 3
864 4300 929 4368 que
947 4288 1024 4345 sunt
1042 4298 1141 4366 super
1157 4277 1192 4353 4,
1211 4286 1243 4343 et
1258 4274 1505 4364 prouenerunt}

413 4407 476 4475 sub
497 4413 522 4494 ξ.
553 4409 677 4476 Rursus
711 4405 926 4495 multiplioaui
950 4405 1066 4472 eadem
1088 4407 1109 4471 2
1133 4425 1191 4492 per
1214 4405 1234 4468 5
1257 4422 1323 4490 que
1344 4410 1421 4467 sunt
1440 4399 1504 4467 sub

413 4539 507 4628 uirga
529 4536 569 4606 de
588 4542 622 4618 l,
646 4548 679 4604 et
700 4535 796 4602 diuisi
828 4555 990 4601 summam
1015 4555 1072 4623 per
1096 4534 1115 4597 3
1138 4553 1202 4619 qne
1225 4541 1301 4597 sunt
1324 4530 1386 4598 sub
1409 4531 1502 4617 uirga
