4175 5792
676 977 785 1042 Modus
803 974 884 1040 alius
901 977 1035 1040 soluendi
1058 971 1169 1042 similos
1190 973 1367 1061 questiones.

543 1231 630 1297 laem
652 1250 739 1317 pono
762 1228 958 1298 solutionem
982 1231 1148 1319 sequentis
1171 1229 1352 1319 questionis
1376 1249 1434 1317 per
1453 1247 1569 1316 quem·

475 1358 549 1425 dam
574 1357 750 1446 pulchrum
773 1359 920 1426 modum.
944 1361 1028 1425 Nam
1059 1358 1187 1446 questio
1223 1357 1297 1423 talis
1330 1366 1389 1423 est.
1417 1354 1571 1442 Quinque

474 1486 623 1554 homines
638 1486 788 1554 denarios
806 1486 944 1563 habent,
961 1509 1001 1555 ex
1019 1485 1141 1576 quibus
1161 1485 1286 1574 primus
1301 1503 1378 1550 cum
1395 1480 1571 1550 medietate

473 1614 684 1681 denariorum
702 1614 837 1681 secundi
857 1614 956 1683 habet
993 1616 1045 1680 12.
1085 1613 1255 1681 Secundus
1278 1633 1356 1679 cum
1377 1613 1395 1693 ξ
1417 1610 1569 1677 denario

473 1764 546 1809 rum
570 1743 654 1829 tertij
679 1741 821 1809 hominis
843 1741 942 1809 habet
966 1745 1018 1809 15.
1043 1742 1167 1808 Tertius
1198 1762 1275 1808 cum
1311 1740 1564 1828 {denariorum

473 1869 581 1958 quartj
596 1867 695 1936 hahet
711 1871 763 1934 l8.
777 1869 922 1947 Quartus
933 1890 1009 1936 cum
1019 1871 1035 1949 l
1047 1868 1257 1934 denariorum
1272 1867 1376 1955 quintj
1399 1865 1502 1933 habet
1513 1866 1566 1931 20.

472 1997 612 2076 Quintus
635 2018 712 2064 cum
735 2000 750 2078 l
772 1997 981 2064 denariorum
1006 1996 1101 2084 primj
1133 1994 1233 2062 habet
1269 1997 1323 2060 23.
1358 1995 1485 2061 Ponam
1508 1993 1567 2059 hos

472 2127 617 2216 quinque
640 2125 790 2192 homines
813 2126 846 2192 in
869 2123 1032 2201 ordinem,
1064 2136 1097 2192 ct
1126 2123 1189 2190 sub
1219 2143 1420 2212 unoquoquo
1443 2142 1564 2212 ponam

473 2267 566 2319 snam
591 2251 802 2341 petitionem,
827 2263 864 2317 ut
886 2249 940 2318 hic
963 2251 1117 2319 comitur.

349 2601 351 2605 ,
471 2506 582 2571 15760
728 2505 839 2571 11268
985 2506 1089 2571 10161
1243 2506 1331 2572 7128
1478 2503 1566 2570 1938

537 2631 580 2697 23
791 2631 834 2697 20
1046 2633 1089 2697 18
1280 2635 1324 2698 15
1523 2631 1565 2695 12

472 2758 635 2836 Quintus,
702 2758 868 2837 Quartus,
980 2759 1127 2833 Tertius,
1173 2758 1363 2832 Secundus,
1414 2757 1564 2847 primus,

563 2885 572 2917 1
778 2887 786 2918 Ι
1037 2888 1044 2917 l
1252 2889 1259 2920 l
1501 2887 1509 2920 Ι

559 2926 576 2963 τ
773 2926 789 2964 s
1033 2927 1048 2971 t
1247 2927 1264 2968 s
1421 2936 1423 2941 >
1496 2929 1513 2966 π

516 3011 648 3094 {titt
732 3012 871 3096 §.ento
992 3014 1133 3097 ,affin
1200 3016 1342 3098 putto
1448 3015 1565 3096 suto

535 3268 577 3333 Et
600 3267 755 3357 incipiam
780 3273 800 3335 a
819 3271 855 3345 2,
874 3271 931 3359 qui
951 3280 1028 3337 sunt
1047 3270 1110 3338 sub
1129 3271 1223 3359 uirga
1239 3269 1334 3357 primi
1351 3267 1510 3344 hominis,
1530 3278 1564 3335 et

468 3394 694 3483 multiplicabo
724 3397 744 3462 2
770 3417 828 3484 per
851 3398 906 3472 12,
930 3399 987 3487 qui
1013 3408 1090 3464 sunt
1119 3418 1219 3485 super
1255 3398 1362 3484 ipsum
1393 3396 1563 3485 primum,

468 3532 565 3588 erunt
583 3523 643 3598 21,
669 3521 711 3589 de
733 3522 855 3610 quibus
875 3524 987 3590 tollam
1018 3524 1323 3612 multiplicationem
1345 3522 1385 3589 de
1413 3526 1449 3600 l,
1472 3520 1566 3613 quod

467 3658 517 3714 est
534 3669 634 3738 super
650 3651 685 3724 2,
705 3649 739 3714 in
759 3651 815 3725 15,
836 3650 1051 3718 remanebunt
1066 3654 1100 3728 9,
1120 3672 1184 3741 quc
1203 3648 1429 3737 multiplicabo
1449 3652 1513 3738 per'
1527 3652 1562 3725 3,

466 3795 532 3864 quc
568 3786 645 3841 sunt
672 3774 735 3841 sub
755 3776 849 3864 uirga
872 3778 1006 3844 secundi
1030 3777 1193 3853 hominis,
1216 3788 1313 3844 erunt
1340 3777 1405 3853 27,
1439 3776 1565 3866 quibus

466 3902 588 3970 addam
611 3902 915 3990 multiplicationem
939 3905 979 3972 de
1011 3903 1165 3994 l,quod
1199 3899 1248 3971 est
1282 3925 1381 3991 super
1413 3906 1458 3981 2,
1484 3905 1554 3971 inl

464 4030 554 4119 quod
578 4040 627 4097 est
651 4051 751 4118 super
773 4032 807 4108 3,
824 4029 959 4098 ductam
976 4033 1008 4097 in
1029 4033 1094 4107 18,
1117 4053 1182 4120 quo
1204 4041 1280 4097 sunt
1303 4053 1402 4120 super
1425 4032 1562 4099 tertium

465 4154 649 4233 hominem,
671 4168 767 4224 erunt
792 4160 847 4234 tt,
872 4180 937 4246 que
960 4158 1080 4226 ducam
1105 4160 1137 4225 in
1161 4160 1180 4223 1
1203 4180 1269 4248 que
1288 4171 1364 4227 sunt
1382 4159 1446 4227 sub
1463 4160 1561 4248 uirga

466 4283 611 4352 ciusdem
637 4284 722 4371 tertij
748 4283 903 4360 hominis,
928 4297 1023 4352 erunt
1059 4288 1139 4363 1811,
1163 4286 1205 4353 de
1234 4286 1356 4375 quibus
1385 4287 1500 4355 tollam
1526 4285 1560 4353 id

465 4411 553 4499 quod
576 4413 728 4499 prouenit
750 4434 790 4480 cx
812 4412 912 4480 ducto
936 4415 971 4490 l,
997 4412 1085 4503 quod
1108 4425 1158 4482 est
1181 4436 1280 4504 super
1303 4417 1344 4489 2,
1370 4415 1402 4479 iu
1426 4418 1439 4482 l
1466 4414 1557 4505 quod

463 4549 631 4626 estsuper
654 4540 690 4614 3,
716 4539 748 4603 in
784 4541 797 4605 l
827 4538 916 4628 quod
940 4550 1111 4630 estsuper
1136 4542 1171 4618 1,
1195 4538 1284 4629 quod
1309 4540 1341 4604 in
1363 4541 1422 4617 20,
1447 4560 1553 4607 rema-
