<?xml version="1.0" encoding="UTF-8"?>
<!DOCTYPE html PUBLIC "-//W3C//DTD XHTML 1.0 Transitional//EN"
    "http://www.w3.org/TR/xhtml1/DTD/xhtml1-transitional.dtd">
<html xmlns="http://www.w3.org/1999/xhtml" xml:lang="en" lang="en">
 <head>
  <title>
</title>
<meta http-equiv="Content-Type" content="text/html;charset=utf-8" />
  <meta name='ocr-system' content='tesseract 3.04.00' />
  <meta name='ocr-capabilities' content='ocr_page ocr_carea ocr_par ocr_line ocrx_word'/>
</head>
<body>
  <div class='ocr_page' id='page_1' title='image "./opuscolidileona00fibogoog_0095.png"; bbox 0 0 4175 5792; ppageno 0'>
   <div class='ocr_carea' id='block_1_1' title="bbox 1452 715 1495 778">
    <p class='ocr_par' dir='ltr' id='par_1_1' title="bbox 1452 715 1495 778">
     <span class='ocr_line' id='line_1_1' title="bbox 1452 715 1495 778; baseline 0.023 -1"><span class='ocrx_word' id='word_1_1' title='bbox 1452 715 1495 778; x_wconf 84' lang='grc'>63</span> 
     </span>
    </p>
   </div>
   <div class='ocr_carea' id='block_1_2' title="bbox 407 853 1496 942">
    <p class='ocr_par' dir='ltr' id='par_1_2' title="bbox 407 853 1496 942">
     <span class='ocr_line' id='line_1_2' title="bbox 407 853 1496 942; baseline 0.007 -26"><span class='ocrx_word' id='word_1_2' title='bbox 407 872 582 918; x_wconf 89' lang='lat' dir='ltr'>numerum</span> <span class='ocrx_word' id='word_1_3' title='bbox 598 874 640 918; x_wconf 89' lang='lat' dir='ltr'>m.</span> <span class='ocrx_word' id='word_1_4' title='bbox 659 853 935 942; x_wconf 77' lang='lat' dir='ltr'>superhabundat</span> <span class='ocrx_word' id='word_1_5' title='bbox 947 855 1033 920; x_wconf 89' lang='lat' dir='ltr'>enim</span> <span class='ocrx_word' id='word_1_6' title='bbox 1053 877 1071 919; x_wconf 80' lang='lat' dir='ltr'><strong><em>z</em></strong></span> <span class='ocrx_word' id='word_1_7' title='bbox 1090 856 1103 919; x_wconf 85' lang='lat' dir='ltr'>i</span> <span class='ocrx_word' id='word_1_8' title='bbox 1119 876 1293 923; x_wconf 87' lang='lat' dir='ltr'>numerum</span> <span class='ocrx_word' id='word_1_9' title='bbox 1306 876 1350 922; x_wconf 77' lang='lat' dir='ltr'>ez</span> <span class='ocrx_word' id='word_1_10' title='bbox 1368 857 1400 922; x_wconf 91' lang='lat' dir='ltr'>in</span> <span class='ocrx_word' id='word_1_11' title='bbox 1416 878 1496 934; x_wconf 78' lang='lat' dir='ltr'>unu,</span> 
     </span>
    </p>
   </div>
   <div class='ocr_carea' id='block_1_3' title="bbox 353 981 1653 4634">
    <p class='ocr_par' dir='ltr' id='par_1_3' title="bbox 353 981 1653 4634">
     <span class='ocr_line' id='line_1_3' title="bbox 403 981 1492 1070; baseline 0.005 -26"><span class='ocrx_word' id='word_1_12' title='bbox 403 981 437 1045; x_wconf 94' lang='lat' dir='ltr'>in</span> <span class='ocrx_word' id='word_1_13' title='bbox 460 1000 528 1069; x_wconf 91' lang='lat' dir='ltr'>quo</span> <span class='ocrx_word' id='word_1_14' title='bbox 547 981 646 1047; x_wconf 89' lang='lat' dir='ltr'>etiarn</span> <span class='ocrx_word' id='word_1_15' title='bbox 670 1003 827 1049; x_wconf 89' lang='lat' dir='ltr'>numerus</span> <span class='ocrx_word' id='word_1_16' title='bbox 848 1003 864 1047; x_wconf 85' lang='lat' dir='ltr'>e</span> <span class='ocrx_word' id='word_1_17' title='bbox 886 1005 904 1047; x_wconf 85' lang='lat' dir='ltr'><strong><em>z</em></strong></span> <span class='ocrx_word' id='word_1_18' title='bbox 936 981 1207 1070; x_wconf 82' lang='lat' dir='ltr'>superhabundat</span> <span class='ocrx_word' id='word_1_19' title='bbox 1233 1006 1407 1051; x_wconf 89' lang='lat' dir='ltr'>numerum</span> <span class='ocrx_word' id='word_1_20' title='bbox 1425 987 1447 1051; x_wconf 92' lang='lat' dir='ltr'>d</span> <span class='ocrx_word' id='word_1_21' title='bbox 1467 1007 1492 1051; x_wconf 85' lang='lat' dir='ltr'>e.</span> 
     </span>
     <span class='ocr_line' id='line_1_4' title="bbox 403 1092 1546 1198; baseline 0.003 -26"><span class='ocrx_word' id='word_1_22' title='bbox 403 1109 492 1196; x_wconf 84' lang='lat' dir='ltr'>Ergo</span> <span class='ocrx_word' id='word_1_23' title='bbox 511 1130 666 1175; x_wconf 90' lang='lat' dir='ltr'>numerus</span> <span class='ocrx_word' id='word_1_24' title='bbox 684 1111 724 1174; x_wconf 84' lang='lat' dir='ltr'>zi</span> <span class='ocrx_word' id='word_1_25' title='bbox 739 1108 1009 1198; x_wconf 77' lang='lat' dir='ltr'><strong>superhabundat</strong></span> <span class='ocrx_word' id='word_1_26' title='bbox 1033 1132 1208 1176; x_wconf 88' lang='lat' dir='ltr'>numerum</span> <span class='ocrx_word' id='word_1_27' title='bbox 1227 1112 1249 1176; x_wconf 89' lang='lat' dir='ltr'>d</span> <span class='ocrx_word' id='word_1_28' title='bbox 1266 1133 1281 1175; x_wconf 84' lang='lat' dir='ltr'>e</span> <span class='ocrx_word' id='word_1_29' title='bbox 1300 1111 1333 1175; x_wconf 94' lang='lat' dir='ltr'>in</span> <span class='ocrx_word' id='word_1_30' title='bbox 1353 1110 1493 1178; x_wconf 88' lang='lat' dir='ltr'>duobus.</span> <span class='ocrx_word' id='word_1_31' title='bbox 1543 1092 1546 1099; x_wconf 83' lang='lat'><em>.</em></span> 
     </span>
     <span class='ocr_line' id='line_1_5' title="bbox 403 1236 1495 1325; baseline -0.003 -21"><span class='ocrx_word' id='word_1_32' title='bbox 403 1237 514 1316; x_wconf 82' lang='lat' dir='ltr'>Quare</span> <span class='ocrx_word' id='word_1_33' title='bbox 536 1259 695 1305; x_wconf 88' lang='lat' dir='ltr'>numerus</span> <span class='ocrx_word' id='word_1_34' title='bbox 712 1260 734 1302; x_wconf 83' lang='lat' dir='ltr'>n</span> <span class='ocrx_word' id='word_1_35' title='bbox 753 1236 1025 1325; x_wconf 84' lang='lat' dir='ltr'>superhabundat</span> <span class='ocrx_word' id='word_1_36' title='bbox 1044 1259 1218 1304; x_wconf 88' lang='lat' dir='ltr'>numerum</span> <span class='ocrx_word' id='word_1_37' title='bbox 1240 1259 1272 1302; x_wconf 85' lang='lat' dir='ltr'>rn</span> <span class='ocrx_word' id='word_1_38' title='bbox 1289 1237 1437 1303; x_wconf 87' lang='lat' dir='ltr'>similiter</span> <span class='ocrx_word' id='word_1_39' title='bbox 1461 1238 1495 1301; x_wconf 92' lang='lat' dir='ltr'>in</span> 
     </span>
     <span class='ocr_line' id='line_1_6' title="bbox 402 1362 1496 1454; baseline 0.001 -25"><span class='ocrx_word' id='word_1_40' title='bbox 402 1362 543 1443; x_wconf 87' lang='lat' dir='ltr'>duobus,</span> <span class='ocrx_word' id='word_1_41' title='bbox 556 1365 721 1454; x_wconf 88' lang='lat' dir='ltr'>inquibus</span> <span class='ocrx_word' id='word_1_42' title='bbox 733 1364 1149 1432; x_wconf 89' lang='lat' dir='ltr'>etiaminuenietureodem</span> <span class='ocrx_word' id='word_1_43' title='bbox 1164 1365 1262 1432; x_wconf 91' lang='lat' dir='ltr'>modo</span> <span class='ocrx_word' id='word_1_44' title='bbox 1275 1388 1450 1433; x_wconf 90' lang='lat' dir='ltr'>numerum</span> <span class='ocrx_word' id='word_1_45' title='bbox 1463 1388 1496 1430; x_wconf 85' lang='lat' dir='ltr'>rn</span> 
     </span>
     <span class='ocr_line' id='line_1_7' title="bbox 401 1490 1494 1580; baseline 0 -22"><span class='ocrx_word' id='word_1_46' title='bbox 401 1490 695 1580; x_wconf 86' lang='lat' dir='ltr'>superhabundare</span> <span class='ocrx_word' id='word_1_47' title='bbox 706 1512 880 1558; x_wconf 87' lang='lat' dir='ltr'>numerum</span> <span class='ocrx_word' id='word_1_48' title='bbox 892 1491 949 1567; x_wconf 69' lang='lat' dir='ltr'>het</span> <span class='ocrx_word' id='word_1_49' title='bbox 961 1514 1136 1559; x_wconf 88' lang='lat' dir='ltr'>numerum</span> <span class='ocrx_word' id='word_1_50' title='bbox 1148 1496 1157 1558; x_wconf 82' lang='lat' dir='ltr'>t</span> <span class='ocrx_word' id='word_1_51' title='bbox 1170 1496 1380 1570; x_wconf 81' lang='lat' dir='ltr'>numerumh,</span> <span class='ocrx_word' id='word_1_52' title='bbox 1392 1503 1424 1560; x_wconf 88' lang='lat' dir='ltr'>et</span> <span class='ocrx_word' id='word_1_53' title='bbox 1435 1515 1494 1558; x_wconf 92' lang='lat' dir='ltr'>nu·</span> 
     </span>
     <span class='ocr_line' id='line_1_8' title="bbox 402 1621 1494 1708; baseline -0.001 -22"><span class='ocrx_word' id='word_1_54' title='bbox 402 1642 530 1687; x_wconf 90' lang='lat' dir='ltr'>merum</span> <span class='ocrx_word' id='word_1_55' title='bbox 543 1623 563 1686; x_wconf 83' lang='lat' dir='ltr'>it</span> <span class='ocrx_word' id='word_1_56' title='bbox 574 1640 747 1685; x_wconf 90' lang='lat' dir='ltr'>numerum</span> <span class='ocrx_word' id='word_1_57' title='bbox 757 1630 778 1693; x_wconf 90' lang='lat' dir='ltr'>t,</span> <span class='ocrx_word' id='word_1_58' title='bbox 790 1630 821 1686; x_wconf 89' lang='lat' dir='ltr'>et</span> <span class='ocrx_word' id='word_1_59' title='bbox 835 1641 1009 1686; x_wconf 88' lang='lat' dir='ltr'>numerum</span> <span class='ocrx_word' id='word_1_60' title='bbox 1021 1621 1249 1704; x_wconf 71' lang='lat' dir='ltr'>tunitatemA:</span> <span class='ocrx_word' id='word_1_61' title='bbox 1261 1621 1405 1687; x_wconf 85' lang='lat' dir='ltr'>continui</span> <span class='ocrx_word' id='word_1_62' title='bbox 1417 1639 1494 1708; x_wconf 84' lang='lat' dir='ltr'>ergo</span> 
     </span>
     <span class='ocr_line' id='line_1_9' title="bbox 402 1744 1495 1838; baseline 0.002 -26"><span class='ocrx_word' id='word_1_63' title='bbox 402 1748 546 1835; x_wconf 91' lang='lat' dir='ltr'>impares</span> <span class='ocrx_word' id='word_1_64' title='bbox 557 1757 634 1813; x_wconf 91' lang='lat' dir='ltr'>sunt</span> <span class='ocrx_word' id='word_1_65' title='bbox 646 1744 826 1812; x_wconf 90' lang='lat' dir='ltr'>abunitate</span> <span class='ocrx_word' id='word_1_66' title='bbox 841 1747 967 1814; x_wconf 89' lang='lat' dir='ltr'>numeri</span> <span class='ocrx_word' id='word_1_67' title='bbox 985 1749 1057 1824; x_wconf 82' lang='lat' dir='ltr'>t,1r,</span> <span class='ocrx_word' id='word_1_68' title='bbox 1077 1747 1100 1823; x_wconf 83' lang='lat' dir='ltr'>t,</span> <span class='ocrx_word' id='word_1_69' title='bbox 1116 1769 1162 1823; x_wconf 84' lang='lat' dir='ltr'>m,</span> <span class='ocrx_word' id='word_1_70' title='bbox 1176 1771 1212 1825; x_wconf 87' lang='lat' dir='ltr'>n,</span> <span class='ocrx_word' id='word_1_71' title='bbox 1230 1758 1266 1814; x_wconf 91' lang='lat' dir='ltr'>ut</span> <span class='ocrx_word' id='word_1_72' title='bbox 1285 1747 1495 1838; x_wconf 83' lang='lat' dir='ltr'>prediximus.</span> 
     </span>
     <span class='ocr_line' id='line_1_10' title="bbox 468 1874 1496 1963; baseline -0.001 -23"><span class='ocrx_word' id='word_1_73' title='bbox 468 1875 524 1952; x_wconf 89' lang='lat' dir='ltr'>Et,</span> <span class='ocrx_word' id='word_1_74' title='bbox 548 1885 585 1960; x_wconf 88' lang='lat' dir='ltr'>ut</span> <span class='ocrx_word' id='word_1_75' title='bbox 604 1884 771 1942; x_wconf 90' lang='lat' dir='ltr'>ostensum</span> <span class='ocrx_word' id='word_1_76' title='bbox 795 1874 1028 1962; x_wconf 85' lang='lat' dir='ltr'>estsuperius,</span> <span class='ocrx_word' id='word_1_77' title='bbox 1049 1874 1231 1962; x_wconf 90' lang='lat' dir='ltr'>quadratus</span> <span class='ocrx_word' id='word_1_78' title='bbox 1249 1877 1305 1963; x_wconf 93' lang='lat' dir='ltr'>qui</span> <span class='ocrx_word' id='word_1_79' title='bbox 1325 1874 1361 1941; x_wconf 82' lang='lat' dir='ltr'>fit</span> <span class='ocrx_word' id='word_1_80' title='bbox 1394 1896 1414 1940; x_wconf 92' lang='lat' dir='ltr'>a</span> <span class='ocrx_word' id='word_1_81' title='bbox 1436 1897 1496 1940; x_wconf 90' lang='lat' dir='ltr'>uu-</span> 
     </span>
     <span class='ocr_line' id='line_1_11' title="bbox 401 1999 1495 2092; baseline 0.002 -25"><span class='ocrx_word' id='word_1_82' title='bbox 401 2022 492 2069; x_wconf 86' lang='lat' dir='ltr'>mero</span> <span class='ocrx_word' id='word_1_83' title='bbox 512 2004 562 2068; x_wconf 76' lang='lat' dir='ltr'>zi</span> <span class='ocrx_word' id='word_1_84' title='bbox 583 2001 709 2068; x_wconf 83' lang='lat' dir='ltr'>excedit</span> <span class='ocrx_word' id='word_1_85' title='bbox 732 2001 930 2090; x_wconf 87' lang='lat' dir='ltr'>quadratum</span> <span class='ocrx_word' id='word_1_86' title='bbox 954 2003 1010 2092; x_wconf 91' lang='lat' dir='ltr'>qui</span> <span class='ocrx_word' id='word_1_87' title='bbox 1035 1999 1108 2067; x_wconf 79' lang='lat' dir='ltr'>fita</span> <span class='ocrx_word' id='word_1_88' title='bbox 1129 2023 1299 2069; x_wconf 78' lang='lat' dir='ltr'>numeror</span> <span class='ocrx_word' id='word_1_89' title='bbox 1322 2025 1355 2080; x_wconf 85' lang='lat' dir='ltr'>z,</span> <span class='ocrx_word' id='word_1_90' title='bbox 1380 2003 1412 2066; x_wconf 91' lang='lat' dir='ltr'>in</span> <span class='ocrx_word' id='word_1_91' title='bbox 1435 2024 1495 2069; x_wconf 94' lang='lat' dir='ltr'>nu-</span> 
     </span>
     <span class='ocr_line' id='line_1_12' title="bbox 401 2127 1494 2218; baseline 0.001 -23"><span class='ocrx_word' id='word_1_92' title='bbox 401 2149 492 2197; x_wconf 91' lang='lat' dir='ltr'>mero</span> <span class='ocrx_word' id='word_1_93' title='bbox 507 2130 564 2218; x_wconf 93' lang='lat' dir='ltr'>qui</span> <span class='ocrx_word' id='word_1_94' title='bbox 579 2127 615 2194; x_wconf 85' lang='lat' dir='ltr'>fit</span> <span class='ocrx_word' id='word_1_95' title='bbox 637 2151 677 2196; x_wconf 87' lang='lat' dir='ltr'>ex</span> <span class='ocrx_word' id='word_1_96' title='bbox 700 2131 876 2196; x_wconf 84' lang='lat' dir='ltr'>coniuncto</span> <span class='ocrx_word' id='word_1_97' title='bbox 900 2151 970 2200; x_wconf 80' lang='lat' dir='ltr'>ez,</span> <span class='ocrx_word' id='word_1_98' title='bbox 989 2151 1013 2193; x_wconf 80' lang='lat' dir='ltr'>-z</span> <span class='ocrx_word' id='word_1_99' title='bbox 1032 2132 1066 2205; x_wconf 89' lang='lat' dir='ltr'>i,</span> <span class='ocrx_word' id='word_1_100' title='bbox 1086 2130 1149 2196; x_wconf 89' lang='lat' dir='ltr'>hon</span> <span class='ocrx_word' id='word_1_101' title='bbox 1169 2141 1218 2196; x_wconf 90' lang='lat' dir='ltr'>est</span> <span class='ocrx_word' id='word_1_102' title='bbox 1246 2132 1278 2195; x_wconf 94' lang='lat' dir='ltr'>in</span> <span class='ocrx_word' id='word_1_103' title='bbox 1302 2133 1441 2197; x_wconf 84' lang='lat' dir='ltr'>numeru</span> <span class='ocrx_word' id='word_1_104' title='bbox 1462 2153 1494 2196; x_wconf 84' lang='lat' dir='ltr'>n.</span> 
     </span>
     <span class='ocr_line' id='line_1_13' title="bbox 353 2255 1493 2347; baseline -0.006 -18"><span class='ocrx_word' id='word_1_105' title='bbox 353 2315 358 2329; x_wconf 92' lang='lat'>.</span> <span class='ocrx_word' id='word_1_106' title='bbox 400 2257 554 2325; x_wconf 86' lang='lat' dir='ltr'>Similiter</span> <span class='ocrx_word' id='word_1_107' title='bbox 576 2255 766 2323; x_wconf 90' lang='lat' dir='ltr'>ostendetur</span> <span class='ocrx_word' id='word_1_108' title='bbox 789 2256 987 2345; x_wconf 85' lang='lat' dir='ltr'>quadratus,</span> <span class='ocrx_word' id='word_1_109' title='bbox 1011 2258 1068 2347; x_wconf 94' lang='lat' dir='ltr'>qui</span> <span class='ocrx_word' id='word_1_110' title='bbox 1093 2256 1129 2322; x_wconf 86' lang='lat' dir='ltr'>fir</span> <span class='ocrx_word' id='word_1_111' title='bbox 1153 2262 1171 2324; x_wconf 77' lang='lat' dir='ltr'>a</span> <span class='ocrx_word' id='word_1_112' title='bbox 1194 2278 1330 2324; x_wconf 87' lang='lat' dir='ltr'>numero</span> <span class='ocrx_word' id='word_1_113' title='bbox 1352 2279 1493 2331; x_wconf 83' lang='lat' dir='ltr'>ez,su-</span> 
     </span>
     <span class='ocr_line' id='line_1_14' title="bbox 401 2383 1495 2476; baseline 0.001 -27"><span class='ocrx_word' id='word_1_114' title='bbox 401 2383 653 2474; x_wconf 89' lang='lat' dir='ltr'>perhabundare</span> <span class='ocrx_word' id='word_1_115' title='bbox 671 2384 884 2472; x_wconf 83' lang='lat' dir='ltr'>quadratum,</span> <span class='ocrx_word' id='word_1_116' title='bbox 909 2388 965 2476; x_wconf 91' lang='lat' dir='ltr'>qui</span> <span class='ocrx_word' id='word_1_117' title='bbox 991 2384 1028 2451; x_wconf 87' lang='lat' dir='ltr'>fit</span> <span class='ocrx_word' id='word_1_118' title='bbox 1052 2390 1071 2452; x_wconf 78' lang='lat' dir='ltr'>a</span> <span class='ocrx_word' id='word_1_119' title='bbox 1093 2408 1231 2454; x_wconf 88' lang='lat' dir='ltr'>numero</span> <span class='ocrx_word' id='word_1_120' title='bbox 1261 2390 1281 2452; x_wconf 91' lang='lat' dir='ltr'>d</span> <span class='ocrx_word' id='word_1_121' title='bbox 1302 2408 1336 2461; x_wconf 86' lang='lat' dir='ltr'>e,</span> <span class='ocrx_word' id='word_1_122' title='bbox 1363 2386 1395 2451; x_wconf 92' lang='lat' dir='ltr'>in</span> <span class='ocrx_word' id='word_1_123' title='bbox 1419 2406 1495 2452; x_wconf 89' lang='lat' dir='ltr'>con-</span> 
     </span>
     <span class='ocr_line' id='line_1_15' title="bbox 402 2512 1494 2589; baseline -0.002 -10"><span class='ocrx_word' id='word_1_124' title='bbox 402 2515 516 2580; x_wconf 79' lang='lat' dir='ltr'>iuncta</span> <span class='ocrx_word' id='word_1_125' title='bbox 545 2532 755 2579; x_wconf 87' lang='lat' dir='ltr'>numerorum</span> <span class='ocrx_word' id='word_1_126' title='bbox 785 2515 807 2579; x_wconf 89' lang='lat' dir='ltr'>d</span> <span class='ocrx_word' id='word_1_127' title='bbox 826 2536 856 2589; x_wconf 84' lang='lat' dir='ltr'>e,</span> <span class='ocrx_word' id='word_1_128' title='bbox 875 2535 890 2578; x_wconf 90' lang='lat' dir='ltr'>e</span> <span class='ocrx_word' id='word_1_129' title='bbox 914 2538 949 2589; x_wconf 78' lang='lat' dir='ltr'>z,</span> <span class='ocrx_word' id='word_1_130' title='bbox 974 2512 1037 2580; x_wconf 88' lang='lat' dir='ltr'>hon</span> <span class='ocrx_word' id='word_1_131' title='bbox 1059 2528 1110 2582; x_wconf 93' lang='lat' dir='ltr'>est</span> <span class='ocrx_word' id='word_1_132' title='bbox 1132 2516 1165 2582; x_wconf 93' lang='lat' dir='ltr'>in</span> <span class='ocrx_word' id='word_1_133' title='bbox 1188 2535 1365 2581; x_wconf 89' lang='lat' dir='ltr'>numerum</span> <span class='ocrx_word' id='word_1_134' title='bbox 1387 2535 1428 2579; x_wconf 87' lang='lat' dir='ltr'>m.</span> <span class='ocrx_word' id='word_1_135' title='bbox 1452 2514 1494 2577; x_wconf 83' lang='lat' dir='ltr'>Et</span> 
     </span>
     <span class='ocr_line' id='line_1_16' title="bbox 401 2638 1495 2732; baseline -0.001 -26"><span class='ocrx_word' id='word_1_136' title='bbox 401 2640 598 2729; x_wconf 89' lang='lat' dir='ltr'>quadratus,</span> <span class='ocrx_word' id='word_1_137' title='bbox 623 2641 680 2727; x_wconf 89' lang='lat' dir='ltr'>qui</span> <span class='ocrx_word' id='word_1_138' title='bbox 704 2638 741 2706; x_wconf 88' lang='lat' dir='ltr'>fit</span> <span class='ocrx_word' id='word_1_139' title='bbox 763 2645 782 2707; x_wconf 81' lang='lat' dir='ltr'>a</span> <span class='ocrx_word' id='word_1_140' title='bbox 806 2662 943 2709; x_wconf 87' lang='lat' dir='ltr'>numero</span> <span class='ocrx_word' id='word_1_141' title='bbox 965 2642 986 2706; x_wconf 92' lang='lat' dir='ltr'>d</span> <span class='ocrx_word' id='word_1_142' title='bbox 1006 2663 1037 2716; x_wconf 87' lang='lat' dir='ltr'>e,</span> <span class='ocrx_word' id='word_1_143' title='bbox 1062 2640 1330 2732; x_wconf 85' lang='lat' dir='ltr'>superhabundat</span> <span class='ocrx_word' id='word_1_144' title='bbox 1352 2639 1495 2730; x_wconf 92' lang='lat' dir='ltr'>quadra-</span> 
     </span>
     <span class='ocr_line' id='line_1_17' title="bbox 401 2766 1494 2858; baseline -0.002 -25"><span class='ocrx_word' id='word_1_145' title='bbox 401 2781 487 2844; x_wconf 87' lang='lat' dir='ltr'>tum,</span> <span class='ocrx_word' id='word_1_146' title='bbox 511 2770 567 2856; x_wconf 92' lang='lat' dir='ltr'>qui</span> <span class='ocrx_word' id='word_1_147' title='bbox 590 2766 627 2832; x_wconf 84' lang='lat' dir='ltr'>fit</span> <span class='ocrx_word' id='word_1_148' title='bbox 649 2771 668 2833; x_wconf 78' lang='lat' dir='ltr'>a</span> <span class='ocrx_word' id='word_1_149' title='bbox 691 2789 868 2858; x_wconf 80' lang='lat' dir='ltr'>numerop</span> <span class='ocrx_word' id='word_1_150' title='bbox 899 2775 940 2846; x_wconf 91' lang='lat' dir='ltr'>d,</span> <span class='ocrx_word' id='word_1_151' title='bbox 977 2771 1159 2838; x_wconf 83' lang='lat' dir='ltr'>secundum</span> <span class='ocrx_word' id='word_1_152' title='bbox 1191 2791 1365 2836; x_wconf 87' lang='lat' dir='ltr'>numerum</span> <span class='ocrx_word' id='word_1_153' title='bbox 1399 2767 1418 2832; x_wconf 82' lang='lat' dir='ltr'>i.</span> <span class='ocrx_word' id='word_1_154' title='bbox 1453 2768 1494 2832; x_wconf 85' lang='lat' dir='ltr'>Et</span> 
     </span>
     <span class='ocr_line' id='line_1_18' title="bbox 399 2893 1496 2986; baseline 0 -25"><span class='ocrx_word' id='word_1_155' title='bbox 399 2893 595 2983; x_wconf 89' lang='lat' dir='ltr'>quadratus,</span> <span class='ocrx_word' id='word_1_156' title='bbox 616 2896 674 2984; x_wconf 92' lang='lat' dir='ltr'>qui</span> <span class='ocrx_word' id='word_1_157' title='bbox 696 2894 733 2961; x_wconf 90' lang='lat' dir='ltr'>fit</span> <span class='ocrx_word' id='word_1_158' title='bbox 757 2917 776 2962; x_wconf 95' lang='lat' dir='ltr'>a</span> <span class='ocrx_word' id='word_1_159' title='bbox 798 2918 934 2965; x_wconf 91' lang='lat' dir='ltr'>numero</span> <span class='ocrx_word' id='word_1_160' title='bbox 958 2921 977 2981; x_wconf 78' lang='lat' dir='ltr'>p</span> <span class='ocrx_word' id='word_1_161' title='bbox 1004 2902 1037 2976; x_wconf 90' lang='lat' dir='ltr'>d,</span> <span class='ocrx_word' id='word_1_162' title='bbox 1062 2894 1332 2986; x_wconf 85' lang='lat' dir='ltr'>superhabundat</span> <span class='ocrx_word' id='word_1_163' title='bbox 1354 2893 1496 2982; x_wconf 91' lang='lat' dir='ltr'>quadra·</span> 
     </span>
     <span class='ocr_line' id='line_1_19' title="bbox 402 3020 1495 3110; baseline 0.001 -24"><span class='ocrx_word' id='word_1_164' title='bbox 402 3030 490 3099; x_wconf 89' lang='lat' dir='ltr'>tum,</span> <span class='ocrx_word' id='word_1_165' title='bbox 508 3021 567 3110; x_wconf 92' lang='lat' dir='ltr'>qui</span> <span class='ocrx_word' id='word_1_166' title='bbox 586 3020 623 3086; x_wconf 85' lang='lat' dir='ltr'>fit</span> <span class='ocrx_word' id='word_1_167' title='bbox 646 3025 665 3087; x_wconf 84' lang='lat' dir='ltr'>h</span> <span class='ocrx_word' id='word_1_168' title='bbox 693 3044 830 3089; x_wconf 87' lang='lat' dir='ltr'>numero</span> <span class='ocrx_word' id='word_1_169' title='bbox 854 3026 928 3110; x_wconf 79' lang='lat' dir='ltr'>dp,</span> <span class='ocrx_word' id='word_1_170' title='bbox 954 3022 1136 3090; x_wconf 85' lang='lat' dir='ltr'>secundum</span> <span class='ocrx_word' id='word_1_171' title='bbox 1156 3022 1192 3095; x_wconf 81' lang='lat' dir='ltr'>tc,</span> <span class='ocrx_word' id='word_1_172' title='bbox 1216 3032 1248 3088; x_wconf 88' lang='lat' dir='ltr'>et</span> <span class='ocrx_word' id='word_1_173' title='bbox 1270 3020 1454 3108; x_wconf 89' lang='lat' dir='ltr'>quadratus</span> <span class='ocrx_word' id='word_1_174' title='bbox 1476 3024 1495 3087; x_wconf 79' lang='lat' dir='ltr'>a</span> 
     </span>
     <span class='ocr_line' id='line_1_20' title="bbox 401 3146 1490 3239; baseline 0.001 -25"><span class='ocrx_word' id='word_1_175' title='bbox 401 3169 538 3216; x_wconf 87' lang='lat' dir='ltr'>numero</span> <span class='ocrx_word' id='word_1_176' title='bbox 555 3154 573 3216; x_wconf 85' lang='lat' dir='ltr'>h</span> <span class='ocrx_word' id='word_1_177' title='bbox 592 3173 611 3234; x_wconf 74' lang='lat' dir='ltr'><em>q</em></span> <span class='ocrx_word' id='word_1_178' title='bbox 634 3150 904 3239; x_wconf 85' lang='lat' dir='ltr'>superhabundat</span> <span class='ocrx_word' id='word_1_179' title='bbox 927 3151 1126 3238; x_wconf 88' lang='lat' dir='ltr'>quadratum</span> <span class='ocrx_word' id='word_1_180' title='bbox 1145 3150 1294 3225; x_wconf 87' lang='lat' dir='ltr'>unitatis,</span> <span class='ocrx_word' id='word_1_181' title='bbox 1311 3146 1490 3215; x_wconf 87' lang='lat' dir='ltr'>secundum</span> 
     </span>
     <span class='ocr_line' id='line_1_21' title="bbox 401 3274 1491 3360; baseline -0.001 -19"><span class='ocrx_word' id='word_1_182' title='bbox 401 3297 575 3344; x_wconf 88' lang='lat' dir='ltr'>numerum</span> <span class='ocrx_word' id='word_1_183' title='bbox 600 3288 626 3354; x_wconf 87' lang='lat' dir='ltr'>t,·</span> <span class='ocrx_word' id='word_1_184' title='bbox 655 3289 704 3344; x_wconf 89' lang='lat' dir='ltr'>est</span> <span class='ocrx_word' id='word_1_185' title='bbox 726 3278 813 3344; x_wconf 88' lang='lat' dir='ltr'>enim</span> <span class='ocrx_word' id='word_1_186' title='bbox 850 3279 1060 3352; x_wconf 76' lang='lat' dir='ltr'>tternariuS,</span> <span class='ocrx_word' id='word_1_187' title='bbox 1093 3288 1125 3343; x_wconf 87' lang='lat' dir='ltr'>et</span> <span class='ocrx_word' id='word_1_188' title='bbox 1149 3280 1210 3360; x_wconf 79' lang='lat' dir='ltr'>hp</span> <span class='ocrx_word' id='word_1_189' title='bbox 1247 3285 1295 3341; x_wconf 90' lang='lat' dir='ltr'>est</span> <span class='ocrx_word' id='word_1_190' title='bbox 1326 3274 1491 3342; x_wconf 86' lang='lat' dir='ltr'>binarius:</span> 
     </span>
     <span class='ocr_line' id='line_1_22' title="bbox 402 3401 1496 3492; baseline -0.002 -22"><span class='ocrx_word' id='word_1_191' title='bbox 402 3424 481 3492; x_wconf 81' lang='lat' dir='ltr'>ergo</span> <span class='ocrx_word' id='word_1_192' title='bbox 500 3405 528 3470; x_wconf 92' lang='lat' dir='ltr'>si</span> <span class='ocrx_word' id='word_1_193' title='bbox 545 3426 647 3492; x_wconf 90' lang='lat' dir='ltr'>super</span> <span class='ocrx_word' id='word_1_194' title='bbox 670 3404 870 3492; x_wconf 90' lang='lat' dir='ltr'>quadratum</span> <span class='ocrx_word' id='word_1_195' title='bbox 895 3404 1044 3480; x_wconf 84' lang='lat' dir='ltr'>unitatis,</span> <span class='ocrx_word' id='word_1_196' title='bbox 1071 3402 1132 3469; x_wconf 85' lang='lat' dir='ltr'>hon</span> <span class='ocrx_word' id='word_1_197' title='bbox 1154 3413 1202 3468; x_wconf 84' lang='lat' dir='ltr'>est</span> <span class='ocrx_word' id='word_1_198' title='bbox 1224 3424 1323 3491; x_wconf 88' lang='lat' dir='ltr'>super</span> <span class='ocrx_word' id='word_1_199' title='bbox 1339 3407 1372 3479; x_wconf 87' lang='lat' dir='ltr'>t,</span> <span class='ocrx_word' id='word_1_200' title='bbox 1395 3401 1496 3469; x_wconf 93' lang='lat' dir='ltr'>adda-</span> 
     </span>
     <span class='ocr_line' id='line_1_23' title="bbox 403 3526 1498 3629; baseline -0.003 -34"><span class='ocrx_word' id='word_1_201' title='bbox 403 3541 457 3595; x_wconf 90' lang='lat' dir='ltr'>tur</span> <span class='ocrx_word' id='word_1_202' title='bbox 480 3550 637 3596; x_wconf 89' lang='lat' dir='ltr'>uumerus</span> <span class='ocrx_word' id='word_1_203' title='bbox 662 3541 688 3607; x_wconf 89' lang='lat' dir='ltr'>t,</span> <span class='ocrx_word' id='word_1_204' title='bbox 711 3533 743 3629; x_wconf 79' lang='lat' dir='ltr'>in</span> <span class='ocrx_word' id='word_1_205' title='bbox 767 3550 834 3619; x_wconf 91' lang='lat' dir='ltr'>qun</span> <span class='ocrx_word' id='word_1_206' title='bbox 854 3530 1038 3620; x_wconf 89' lang='lat' dir='ltr'>quadratus</span> <span class='ocrx_word' id='word_1_207' title='bbox 1054 3530 1180 3596; x_wconf 90' lang='lat' dir='ltr'>numeri</span> <span class='ocrx_word' id='word_1_208' title='bbox 1201 3526 1498 3617; x_wconf 76' lang='lat' dir='ltr'>bpsuperhabun-</span> 
     </span>
     <span class='ocr_line' id='line_1_24' title="bbox 401 3654 1496 3745; baseline -0.002 -24"><span class='ocrx_word' id='word_1_209' title='bbox 401 3655 458 3722; x_wconf 87' lang='lat' dir='ltr'>dat</span> <span class='ocrx_word' id='word_1_210' title='bbox 479 3655 679 3745; x_wconf 86' lang='lat' dir='ltr'>quadratum</span> <span class='ocrx_word' id='word_1_211' title='bbox 703 3657 852 3734; x_wconf 89' lang='lat' dir='ltr'>unitatis,</span> <span class='ocrx_word' id='word_1_212' title='bbox 878 3657 987 3723; x_wconf 90' lang='lat' dir='ltr'>ueniet</span> <span class='ocrx_word' id='word_1_213' title='bbox 1008 3655 1194 3745; x_wconf 85' lang='lat' dir='ltr'>quadratus</span> <span class='ocrx_word' id='word_1_214' title='bbox 1210 3655 1336 3722; x_wconf 90' lang='lat' dir='ltr'>numeri</span> <span class='ocrx_word' id='word_1_215' title='bbox 1353 3654 1371 3720; x_wconf 87' lang='lat' dir='ltr'>b</span> <span class='ocrx_word' id='word_1_216' title='bbox 1390 3679 1423 3740; x_wconf 75' lang='lat' dir='ltr'>p,</span> <span class='ocrx_word' id='word_1_217' title='bbox 1442 3675 1496 3719; x_wconf 92' lang='lat' dir='ltr'>su-</span> 
     </span>
     <span class='ocr_line' id='line_1_25' title="bbox 401 3779 1495 3870; baseline -0.002 -24"><span class='ocrx_word' id='word_1_218' title='bbox 401 3803 460 3870; x_wconf 87' lang='lat' dir='ltr'>per</span> <span class='ocrx_word' id='word_1_219' title='bbox 481 3803 579 3870; x_wconf 89' lang='lat' dir='ltr'>quem</span> <span class='ocrx_word' id='word_1_220' title='bbox 605 3782 717 3849; x_wconf 91' lang='lat' dir='ltr'>addito</span> <span class='ocrx_word' id='word_1_221' title='bbox 733 3786 870 3849; x_wconf 85' lang='lat' dir='ltr'>numero</span> <span class='ocrx_word' id='word_1_222' title='bbox 894 3782 934 3857; x_wconf 81' lang='lat' dir='ltr'>ir,</span> <span class='ocrx_word' id='word_1_223' title='bbox 962 3782 1070 3848; x_wconf 88' lang='lat' dir='ltr'>ueniet</span> <span class='ocrx_word' id='word_1_224' title='bbox 1086 3780 1268 3869; x_wconf 90' lang='lat' dir='ltr'>quadratus</span> <span class='ocrx_word' id='word_1_225' title='bbox 1288 3780 1415 3847; x_wconf 88' lang='lat' dir='ltr'>numeri</span> <span class='ocrx_word' id='word_1_226' title='bbox 1429 3801 1450 3866; x_wconf 81' lang='lat' dir='ltr'>p</span> <span class='ocrx_word' id='word_1_227' title='bbox 1465 3779 1495 3855; x_wconf 91' lang='lat' dir='ltr'>d,</span> 
     </span>
     <span class='ocr_line' id='line_1_26' title="bbox 401 3908 1653 3998; baseline 0.001 -24"><span class='ocrx_word' id='word_1_228' title='bbox 401 3929 500 3996; x_wconf 90' lang='lat' dir='ltr'>super</span> <span class='ocrx_word' id='word_1_229' title='bbox 518 3929 616 3997; x_wconf 88' lang='lat' dir='ltr'>quem</span> <span class='ocrx_word' id='word_1_230' title='bbox 633 3909 832 3997; x_wconf 89' lang='lat' dir='ltr'>quadratum</span> <span class='ocrx_word' id='word_1_231' title='bbox 852 3910 859 3998; x_wconf 90' lang='grc' dir='ltr'>Ι</span> <span class='ocrx_word' id='word_1_232' title='bbox 879 3910 906 3975; x_wconf 91' lang='lat' dir='ltr'>si</span> <span class='ocrx_word' id='word_1_233' title='bbox 919 3908 1060 3976; x_wconf 86' lang='lat' dir='ltr'>addatur</span> <span class='ocrx_word' id='word_1_234' title='bbox 1073 3909 1265 3985; x_wconf 86' lang='lat' dir='ltr'>numerust,</span> <span class='ocrx_word' id='word_1_235' title='bbox 1285 3908 1395 3974; x_wconf 89' lang='lat' dir='ltr'>ueniet</span> <span class='ocrx_word' id='word_1_236' title='bbox 1416 3926 1498 3994; x_wconf 90' lang='lat' dir='ltr'>qua·</span> <span class='ocrx_word' id='word_1_237' title='bbox 1526 3938 1555 3983; x_wconf 70' lang='lat' dir='ltr'>sn.</span> <span class='ocrx_word' id='word_1_238' title='bbox 1568 3941 1588 3974; x_wconf 76' lang='lat' dir='ltr'>n</span> <span class='ocrx_word' id='word_1_239' title='bbox 1600 3937 1653 3974; x_wconf 54' lang='lat' dir='ltr'>tart</span> 
     </span>
     <span class='ocr_line' id='line_1_27' title="bbox 401 4033 1494 4126; baseline -0.003 -25"><span class='ocrx_word' id='word_1_240' title='bbox 401 4035 514 4102; x_wconf 91' lang='lat' dir='ltr'>dratus</span> <span class='ocrx_word' id='word_1_241' title='bbox 533 4038 660 4102; x_wconf 89' lang='lat' dir='ltr'>numeri</span> <span class='ocrx_word' id='word_1_242' title='bbox 679 4038 702 4102; x_wconf 91' lang='lat' dir='ltr'>d</span> <span class='ocrx_word' id='word_1_243' title='bbox 713 4059 742 4114; x_wconf 87' lang='lat' dir='ltr'>e,</span> <span class='ocrx_word' id='word_1_244' title='bbox 765 4058 864 4126; x_wconf 89' lang='lat' dir='ltr'>super</span> <span class='ocrx_word' id='word_1_245' title='bbox 885 4059 984 4126; x_wconf 90' lang='lat' dir='ltr'>quem</span> <span class='ocrx_word' id='word_1_246' title='bbox 999 4035 1199 4124; x_wconf 90' lang='lat' dir='ltr'>quadratum</span> <span class='ocrx_word' id='word_1_247' title='bbox 1221 4037 1248 4101; x_wconf 90' lang='lat' dir='ltr'>si</span> <span class='ocrx_word' id='word_1_248' title='bbox 1271 4033 1411 4101; x_wconf 92' lang='lat' dir='ltr'>addatur</span> <span class='ocrx_word' id='word_1_249' title='bbox 1435 4054 1494 4098; x_wconf 92' lang='lat' dir='ltr'>nu-</span> 
     </span>
     <span class='ocr_line' id='line_1_28' title="bbox 402 4161 1496 4253; baseline -0.002 -25"><span class='ocrx_word' id='word_1_250' title='bbox 402 4184 512 4230; x_wconf 92' lang='lat' dir='ltr'>merus</span> <span class='ocrx_word' id='word_1_251' title='bbox 534 4186 581 4240; x_wconf 88' lang='lat' dir='ltr'>m,</span> <span class='ocrx_word' id='word_1_252' title='bbox 603 4166 710 4230; x_wconf 88' lang='lat' dir='ltr'>ueniet</span> <span class='ocrx_word' id='word_1_253' title='bbox 738 4165 920 4253; x_wconf 89' lang='lat' dir='ltr'>quadratus</span> <span class='ocrx_word' id='word_1_254' title='bbox 946 4164 1072 4230; x_wconf 88' lang='lat' dir='ltr'>numeri</span> <span class='ocrx_word' id='word_1_255' title='bbox 1096 4185 1111 4228; x_wconf 86' lang='lat' dir='ltr'>e</span> <span class='ocrx_word' id='word_1_256' title='bbox 1134 4186 1164 4239; x_wconf 84' lang='lat' dir='ltr'>z,</span> <span class='ocrx_word' id='word_1_257' title='bbox 1187 4183 1404 4252; x_wconf 82' lang='lat' dir='ltr'>superquam</span> <span class='ocrx_word' id='word_1_258' title='bbox 1438 4161 1496 4226; x_wconf 90' lang='lat' dir='ltr'>ite-</span> 
     </span>
     <span class='ocr_line' id='line_1_29' title="bbox 403 4289 1498 4381; baseline -0.001 -26"><span class='ocrx_word' id='word_1_259' title='bbox 403 4312 475 4357; x_wconf 92' lang='lat' dir='ltr'>rum</span> <span class='ocrx_word' id='word_1_260' title='bbox 494 4291 522 4357; x_wconf 88' lang='lat' dir='ltr'>si</span> <span class='ocrx_word' id='word_1_261' title='bbox 545 4290 686 4357; x_wconf 89' lang='lat' dir='ltr'>addatur</span> <span class='ocrx_word' id='word_1_262' title='bbox 710 4313 867 4358; x_wconf 89' lang='lat' dir='ltr'>numerus</span> <span class='ocrx_word' id='word_1_263' title='bbox 889 4314 924 4367; x_wconf 83' lang='lat' dir='ltr'>n,</span> <span class='ocrx_word' id='word_1_264' title='bbox 952 4293 984 4355; x_wconf 92' lang='lat' dir='ltr'>in</span> <span class='ocrx_word' id='word_1_265' title='bbox 1007 4310 1074 4379; x_wconf 91' lang='lat' dir='ltr'>quo</span> <span class='ocrx_word' id='word_1_266' title='bbox 1090 4289 1270 4381; x_wconf 88' lang='lat' dir='ltr'>quadratus</span> <span class='ocrx_word' id='word_1_267' title='bbox 1293 4289 1420 4355; x_wconf 82' lang='lat' dir='ltr'>numeri</span> <span class='ocrx_word' id='word_1_268' title='bbox 1443 4312 1463 4354; x_wconf 79' lang='lat' dir='ltr'><em>z</em></span> <span class='ocrx_word' id='word_1_269' title='bbox 1485 4293 1498 4354; x_wconf 87' lang='lat' dir='ltr'>i</span> 
     </span>
     <span class='ocr_line' id='line_1_30' title="bbox 399 4417 1497 4507; baseline -0.001 -24"><span class='ocrx_word' id='word_1_270' title='bbox 399 4417 669 4507; x_wconf 89' lang='lat' dir='ltr'>superhabundat</span> <span class='ocrx_word' id='word_1_271' title='bbox 694 4419 893 4507; x_wconf 87' lang='lat' dir='ltr'>quadratum</span> <span class='ocrx_word' id='word_1_272' title='bbox 924 4421 1050 4486; x_wconf 88' lang='lat' dir='ltr'>numeri</span> <span class='ocrx_word' id='word_1_273' title='bbox 1079 4444 1092 4484; x_wconf 91' lang='lat' dir='ltr'>e</span> <span class='ocrx_word' id='word_1_274' title='bbox 1116 4443 1156 4494; x_wconf 78' lang='lat' dir='ltr'>z,</span> <span class='ocrx_word' id='word_1_275' title='bbox 1193 4417 1361 4483; x_wconf 76' lang='lat' dir='ltr'>manifeste</span> <span class='ocrx_word' id='word_1_276' title='bbox 1389 4418 1497 4484; x_wconf 88' lang='lat' dir='ltr'>ueniet</span> 
     </span>
     <span class='ocr_line' id='line_1_31' title="bbox 400 4543 1496 4634; baseline -0.002 -23"><span class='ocrx_word' id='word_1_277' title='bbox 400 4544 584 4634; x_wconf 87' lang='lat' dir='ltr'>quadratus</span> <span class='ocrx_word' id='word_1_278' title='bbox 607 4545 733 4612; x_wconf 88' lang='lat' dir='ltr'>numeri</span> <span class='ocrx_word' id='word_1_279' title='bbox 755 4566 773 4609; x_wconf 81' lang='lat' dir='ltr'><em>z</em></span> <span class='ocrx_word' id='word_1_280' title='bbox 796 4547 816 4609; x_wconf 85' lang='lat' dir='ltr'>i.</span> <span class='ocrx_word' id='word_1_281' title='bbox 840 4545 921 4610; x_wconf 90' lang='lat' dir='ltr'>Sunt</span> <span class='ocrx_word' id='word_1_282' title='bbox 939 4544 1024 4611; x_wconf 91' lang='lat' dir='ltr'>enim</span> <span class='ocrx_word' id='word_1_283' title='bbox 1044 4543 1172 4611; x_wconf 84' lang='lat' dir='ltr'>numeri</span> <span class='ocrx_word' id='word_1_284' title='bbox 1191 4545 1264 4619; x_wconf 66' lang='lat' dir='ltr'>At</span> <span class='ocrx_word' id='word_1_285' title='bbox 1287 4566 1316 4626; x_wconf 82' lang='lat' dir='ltr'>p,</span> <span class='ocrx_word' id='word_1_286' title='bbox 1335 4565 1354 4627; x_wconf 79' lang='lat' dir='ltr'>p</span> <span class='ocrx_word' id='word_1_287' title='bbox 1371 4546 1406 4619; x_wconf 92' lang='lat' dir='ltr'>d,</span> <span class='ocrx_word' id='word_1_288' title='bbox 1431 4545 1496 4620; x_wconf 77' lang='lat' dir='ltr'>de,</span> 
     </span>
    </p>
   </div>
   <div class='ocr_carea' id='block_1_4' title="bbox 0 0 2092 5792">
    <p class='ocr_par' dir='ltr' id='par_1_4' title="bbox 0 0 2092 5792">
     <span class='ocr_line' id='line_1_32' title="bbox 0 0 2092 5792; baseline 0 0"><span class='ocrx_word' id='word_1_289' title='bbox 0 0 2092 5792; x_wconf 95' lang='lat' dir='ltr'> </span> 
     </span>
    </p>
   </div>
  </div>
 </body>
</html>
