4175 5792
493 699 535 762 se
648 662 653 674 ’

437 830 439 834 ’
496 852 545 907 tot
568 841 694 907 numeri
718 841 860 930 impares
882 841 1027 909 continui
1053 840 1195 906 existunt
1218 836 1305 902 eirca
1328 851 1504 913 numerum
1526 831 1583 904 to

496 971 540 1036 ita
575 969 662 1058 quod
700 969 856 1037 medietas
885 989 998 1034 eorum
1024 967 1087 1033 sint
1113 966 1254 1031 minores
1286 977 1424 1029 numero
1448 960 1469 1024 lt
1492 956 1521 1033 l,
1555 967 1585 1023 et

495 1097 558 1162 alia
582 1096 741 1164 medietas
763 1096 828 1162 sint
852 1095 1015 1168 maiores,
1049 1093 1106 1181 qui
1131 1111 1243 1159 omnes
1268 1091 1392 1158 iaciunt
1414 1105 1584 1154 numerum

351 1237 382 1281 ¹⁰¹·
393 1241 475 1275 nmo
494 1224 644 1314 equalem
660 1246 679 1290 o
694 1245 725 1310 p.
742 1223 896 1290 Similiter
915 1220 1105 1289 ostendetur
1120 1218 1210 1308 quod
1224 1228 1306 1307 quot
1325 1217 1332 1306 Ι
1351 1216 1497 1283 unitates
1513 1220 1587 1278 sunt

496 1351 676 1418 innumero
693 1372 712 1416 a
728 1353 753 1423 i,
771 1362 818 1417 tot
834 1348 961 1415 numeri
980 1349 1121 1436 impares
1132 1347 1307 1413 existentes
1319 1344 1407 1410 circa
1418 1359 1588 1409 numerum

496 1479 561 1541 ltm
577 1486 654 1541 sunt
671 1475 702 1540 in
720 1491 857 1541 numero
873 1497 898 1562 p
915 1495 945 1562 9.
967 1475 1054 1562 Ergo
1069 1474 1155 1540 sicut
1170 1492 1329 1539 numerus
1344 1492 1361 1537 c
1377 1491 1396 1536 z
1414 1478 1466 1537 est
1476 1466 1548 1534 adz
1563 1467 1586 1539 i,

495 1604 540 1668 ita
555 1601 732 1668 multitudo
745 1603 919 1689 imparium
935 1600 1122 1669 facientium
1135 1620 1309 1667 numerum
1321 1623 1340 1666 o
1348 1622 1373 1688 p
1388 1608 1440 1665 est
1450 1596 1494 1664 ad
1506 1594 1588 1662 mul·

497 1728 670 1795 titudinem
696 1729 872 1816 imparium
895 1727 1083 1795 facientium
1106 1747 1321 1815 numerump
1339 1747 1380 1815 9,
1405 1724 1463 1814 qui
1487 1735 1590 1791 osten·

498 1877 555 1921 sus
577 1866 626 1922 est
648 1856 773 1944 equalis
796 1875 934 1923 numero
957 1878 1032 1942 op:
1057 1856 1132 1922 dico
1165 1855 1263 1921 etiam
1301 1852 1494 1920 continuam
1523 1871 1591 1918 esse

496 1995 669 2072 utramque
707 1983 959 2051 multitudinem.
992 1984 1078 2062 Quia
1101 2004 1141 2049 ex
1164 1982 1267 2049 ductu
1291 1982 1449 2066 opino
1477 1999 1591 2069 9pro-

498 2111 589 2176 uenit
619 2114 638 2176 lc
665 2133 712 2184 m,
735 2123 767 2177 et
790 2123 840 2177 est
863 2114 881 2176 b
903 2133 923 2194 9
946 2110 1073 2200 equalis
1096 2110 1240 2176 numeris
1260 2130 1282 2197 9
1304 2109 1326 2174 d
1351 2118 1385 2174 et
1415 2109 1492 2173 do:
1516 2125 1590 2196 ergo

498 2259 537 2303 ex
557 2236 664 2303 ductu
686 2239 796 2321 a9iu
822 2238 966 2303 numeris
986 2242 1042 2319 ἀρ
1066 2239 1134 2303 etd
1154 2239 1171 2300 b
1190 2235 1341 2323 prouenit
1361 2234 1382 2298 lc
1402 2254 1445 2299 m.
1470 2231 1532 2300 Sed
1555 2254 1592 2299 en

497 2365 599 2430 ductu
623 2385 679 2447 o9
704 2366 736 2430 in
761 2368 835 2439 bd,
871 2364 1000 2452 hoo-lin
1034 2368 1119 2438 ab,
1154 2363 1305 2452 prouenit
1339 2361 1413 2436 rt,
1447 2361 1592 2449 reliquus

497 2513 575 2581 ergo
598 2492 658 2558 lm
681 2493 833 2581 prouenit
856 2491 1112 2574 exo9ind9:
1133 2488 1190 2555 sed
1208 2490 1238 2556 ei
1258 2506 1417 2564 numer0,
1438 2489 1497 2578 qui
1519 2507 1591 2579 pro·

500 2619 589 2684 uenit
611 2641 651 2685 ex
668 2641 690 2684 o
709 2641 730 2705 9
750 2619 782 2683 in
798 2621 819 2683 d
834 2640 877 2705 9,
900 2617 1034 2705 equales
1060 2626 1136 2682 sunt
1167 2616 1294 2682 numeri
1313 2615 1370 2704 qui
1391 2614 1591 2702 proueniunt

499 2769 539 2814 ex
564 2769 584 2834 9
610 2748 810 2835 dinpbet
838 2747 870 2813 in
898 2746 917 2812 b
942 2767 974 2823 a,
999 2745 1062 2811 hoc
1079 2754 1128 2811 est
1146 2745 1273 2810 numeri
1296 2765 1372 2818 ez,
1395 2764 1412 2807 z
1438 2746 1459 2809 i.
1484 2743 1592 2822 Quare

496 2872 622 2960 equalis
645 2884 696 2939 est
719 2895 877 2940 numerus
901 2872 961 2938 lm
979 2890 1118 2938 numero
1137 2893 1153 2938 e
1175 2873 1195 2936 ι’.
1220 2871 1409 2954 accipiatur
1427 2870 1541 2960 itaque
1555 2890 1593 2936 ex

501 3018 638 3070 numero
662 3003 672 3063 l
696 3022 727 3066 m
754 3022 911 3068 numerus
934 3004 944 3065 l
965 3021 987 3065 n
1016 2999 1143 3088 equalis
1179 3017 1354 3063 numeroe
1382 3019 1412 3064 z.
1437 2997 1592 3085 Reliquus

500 3148 577 3214 ergo
600 3150 622 3194 n
645 3149 677 3193 tn
701 3128 825 3216 reliquo
848 3152 868 3195 z
891 3129 904 3192 i
924 3138 973 3194 est
996 3127 1133 3217 equalis.
1165 3126 1247 3193 ltem
1280 3123 1522 3191 ostendendum
1547 3131 1594 3190 est

499 3277 674 3323 numerum
698 3259 718 3323 lc
740 3256 752 3322 l
773 3259 930 3323 maiorem
951 3276 1022 3322 esse
1040 3275 1177 3321 numero
1196 3276 1212 3321 e
1230 3276 1260 3330 z,
1279 3253 1436 3343 quoniam
1456 3271 1593 3341 propor-

504 3383 548 3447 tio
571 3405 591 3469 9
612 3383 630 3449 d
652 3384 692 3450 ad
718 3388 736 3449 o
759 3407 779 3450 a
799 3395 849 3450 est
876 3363 984 3449 minor
1003 3382 1214 3471 proportione
1240 3382 1367 3448 numeri
1386 3402 1443 3469 o9
1467 3380 1509 3447 ad
1526 3401 1547 3467 9
1564 3379 1592 3444 d.

402 3516 407 3525 “
502 3513 590 3600 Ergo
614 3512 732 3600 aliquis
754 3533 911 3579 numerus
936 3511 1044 3578 minor
1066 3528 1202 3576 numero
1216 3531 1270 3596 o9
1290 3508 1331 3575 ad
1346 3529 1524 3576 numerum
1539 3506 1596 3594 9d

481 3607 600 3702 ¹habet
618 3636 754 3703 eandem
781 3638 1045 3727 proportionem,
1072 3658 1173 3726 quam
1193 3637 1385 3719 numerusp
1409 3638 1426 3701 lt
1450 3633 1492 3700 ad
1518 3633 1597 3713 bo,·

499 3764 607 3851 sitque
627 3785 789 3832 numerus
807 3769 872 3850 (ιβ
889 3775 921 3832 et
939 3766 1096 3854 quoniam
1115 3776 1164 3832 est
1185 3775 1224 3831 ut
1246 3787 1264 3849 9
1285 3768 1302 3829 b
1321 3762 1363 3830 ad
1383 3765 1401 3828 b
1418 3785 1458 3838 o,
1483 3763 1530 3828 ita
1547 3762 1604 3850 os

503 3889 545 3957 ad
566 3895 586 3957 d
601 3912 637 3978 9:
655 3892 883 3980 multiplicatio
902 3914 980 3984 ergo
998 3917 1020 3960 o
1033 3895 1055 3981 s
1064 3895 1097 3959 in
1113 3897 1130 3958 b
1145 3915 1166 3959 o
1180 3904 1321 3981 equatur
1335 3889 1598 3979 multiplicationi

501 4019 519 4084 l>
534 4042 555 4108 9
572 4021 605 4085 in
626 4021 648 4086 d
663 4041 699 4107 9:
718 4019 781 4086 hoc
796 4030 845 4087 est
863 4040 1063 4087 numeroez.
1083 4019 1146 4088 Sed
1167 4019 1394 4109 multiplicatio
1410 4018 1546 4107 a9ina
1565 4015 1598 4092 b,

503 4144 566 4213 hoc
586 4157 635 4213 est
654 4168 813 4213 numerus
834 4147 855 4211 lc
875 4147 898 4224 l,
918 4148 1024 4213 maior
1041 4158 1091 4214 est
1110 4147 1381 4237 multiplicatione
1399 4146 1502 4234 asin
1520 4167 1542 4212 a
1559 4147 1597 4221 b,

500 4269 563 4338 hoc
580 4285 630 4340 est
654 4293 796 4341 numero
813 4295 830 4340 c
849 4296 879 4340 z.
899 4275 1088 4363 accipiatur
1106 4275 1240 4366 quidem
1259 4298 1299 4344 ex
1314 4295 1452 4344 numero
1471 4279 1491 4340 lc
1510 4279 1520 4339 l
1539 4295 1600 4340 nu·

501 4418 610 4466 merus
642 4401 653 4466 l
671 4407 691 4467 tr
710 4401 836 4492 equalis
853 4421 991 4469 numero
1013 4401 1085 4481 ln,
1108 4401 1172 4470 hoc
1194 4415 1243 4471 est
1264 4426 1331 4480 ez,
1355 4402 1416 4469 erit
1434 4412 1524 4468 totus
1542 4405 1600 4468 tn

502 4522 623 4611 duplus
653 4549 789 4596 numero
812 4553 828 4596 c
853 4554 883 4597 z.
906 4531 1034 4598 Rursus
1060 4551 1160 4618 super
1177 4551 1350 4598 numerum
1371 4531 1440 4594 ltm
1460 4526 1600 4594 addatur

501 4672 657 4719 numerus
673 4675 705 4722 m
717 4678 734 4722 c
747 4658 871 4750 equalis
887 4678 1023 4727 numero
1042 4679 1075 4722 m
1093 4678 1127 4733 n,
1144 4656 1206 4724 hoo
1221 4668 1270 4725 est
1290 4681 1309 4724 z
1329 4659 1363 4722 i:
1384 4657 1505 4746 duplus
1522 4677 1599 4745 ergo
