4175 5792
471 712 536 776 rto
617 672 621 679 ’

465 867 536 923 tum
558 857 615 944 qui
638 854 675 920 iit
697 854 740 921 ab
764 858 833 931 ll,
856 876 913 922 sex
935 855 1142 928 octonarios,
1167 862 1200 921 et
1222 851 1426 941 quadratus,
1444 855 1503 942 qui
1516 852 1550 919 tit

464 984 507 1052 ab
531 986 599 1060 ll,
624 982 714 1050 addit
737 1004 836 1072 super
857 983 1056 1073 quadratum
1080 982 1137 1070 qui
1156 979 1231 1049 fita
1254 981 1274 1044 9
1298 980 1445 1070 quinque
1466 993 1550 1050 octo

464 1113 593 1186 uarios,
615 1122 648 1180 et
670 1111 716 1178 sic
740 1112 942 1200 quadratus,
963 1113 1018 1201 qui
1037 1108 1075 1175 fit
1093 1110 1136 1176 ad
1155 1113 1219 1185 t5,
1243 1108 1335 1176 addit
1355 1131 1456 1198 super
1475 1133 1551 1201 qua·

465 1240 595 1307 dratum
618 1240 675 1330 qui
699 1239 736 1305 fit
758 1244 779 1307 a
801 1240 821 1304 9
845 1240 1031 1305 octonarios
1057 1241 1133 1314 .t8.,
1159 1248 1191 1305 et
1213 1236 1416 1325 quadratus,
1439 1239 1497 1327 qui
1520 1239 1553 1305 fit

466 1375 486 1437 ai
507 1373 549 1446 9,
572 1368 663 1435 addit
697 1387 796 1458 super
827 1366 1028 1456 quadratum
1059 1367 1116 1454 qui
1140 1364 1176 1431 fit
1200 1367 1221 1433 a
1245 1367 1265 1432 7
1291 1376 1437 1454 quatuor
1462 1377 1552 1433 octo·

466 1498 598 1571 uarios,
619 1505 651 1563 et
670 1496 717 1561 sic
735 1495 904 1582 proportio
926 1492 1141 1571 differentiae,
1160 1502 1293 1581 quaest
1312 1493 1396 1560 inter
1415 1492 1554 1580 quadra·

467 1637 537 1693 tum
553 1625 610 1713 qui
624 1622 662 1689 fit
677 1626 696 1690 a
713 1623 753 1694 7,
773 1632 806 1689 et
824 1620 1022 1711 quadratum
1039 1623 1096 1710 qui
1116 1621 1184 1689 fita
1200 1624 1231 1688 9.
1247 1621 1372 1689 scilicet
1387 1620 1472 1688 inter
1492 1621 1552 1688 tt.

466 1765 498 1821 et
511 1757 563 1821 8l.
580 1753 640 1819 erit
656 1750 698 1818 ad
714 1749 944 1825 differentiam,
960 1760 1090 1838 quaest
1106 1750 1189 1817 inter
1204 1751 1239 1817 8l
1263 1758 1296 1816 et
1313 1749 1394 1820 225,
1411 1748 1498 1815 sicut
1515 1749 1552 1815 ,2.

468 1879 510 1947 ad
533 1881 577 1955 9,
600 1888 633 1945 et
656 1877 718 1944 hoc
740 1877 902 1966 estquod
924 1875 1014 1963 uoluj
1039 1875 1275 1955 demonstrare.

526 2009 711 2076 ·Soluuntur
733 2008 833 2074 etiam
853 2026 966 2074 omues
982 2006 1225 2094 suprascriptae
1234 2005 1433 2095 questiones,
1450 2012 1484 2071 et
1501 2022 1553 2070 eo

470 2156 542 2202 rum
578 2135 784 2210 consimiles,
809 2135 842 2200 in
865 2132 1034 2222 quadratis
1064 2133 1121 2222 qui
1153 2130 1237 2198 fiunt
1258 2133 1279 2199 d
1300 2130 1423 2220 duplo,
1458 2130 1511 2198 uel
1536 2132 1555 2194 a

468 2264 587 2353 triplo,
611 2263 664 2331 uel
690 2266 709 2330 d
731 2260 877 2352 quolibet
900 2260 964 2328 alio
988 2260 1167 2351 multiplico
1190 2279 1418 2335 numerorum,
1443 2257 1555 2347 aqui-

468 2392 530 2460 bus
562 2392 645 2458 fiunt
676 2391 829 2480 quadrat]
865 2390 1162 2479 suprascriptorum
1194 2387 1432 2454 inuentionum.
1458 2384 1554 2451 Verbi

471 2519 589 2606 gratia,
609 2518 741 2586 fuerunt
750 2518 903 2608 quadrati
923 2517 1164 2605 suprascriptae
1174 2515 1355 2605 questionis
1371 2517 1391 2580 a
1409 2514 1429 2579 7
1452 2523 1486 2581 et
1501 2516 1521 2580 a
1536 2515 1555 2579 9

470 2654 502 2710 et
526 2665 545 2711 a
569 2647 622 2711 t5.
647 2646 755 2723 Quare
777 2645 804 2709 si
828 2642 1076 2731 dupricauimus
1104 2641 1253 2710 hostros
1275 2661 1429 2709 numeros
1457 2639 1557 2708 habe·

470 2768 577 2835 bimus
599 2790 660 2857 pro
679 2768 788 2836 radice
810 2769 944 2835 minoris
966 2768 1120 2858 quadrati
1146 2769 1198 2836 tt.
1222 2780 1254 2836 et
1277 2789 1337 2857 pro
1361 2769 1471 2836 radice
1491 2789 1558 2835 me-

468 2894 566 2982 dianj.
592 2899 644 2963 t8.
667 2908 700 2963 et
724 2917 782 2984 pro
809 2896 918 2965 radice
941 2898 1074 2964 maioris
1095 2899 1148 2964 30.
1172 2898 1289 2964 eterit
1312 2897 1461 2964 similiter
1482 2915 1558 2985 pro-

469 3022 576 3111 portio
599 3021 872 3101 differentiarum‚
895 3045 960 3112 que
982 3034 1059 3090 sunt
1083 3024 1166 3091 inter
1187 3024 1367 3112 quadratos
1391 3025 1449 3113 qui
1473 3022 1558 3088 fiunt

468 3149 511 3216 ab
535 3149 613 3238 ipsis
636 3149 800 3227 numeris,
824 3151 908 3217 sicut
931 3155 952 3220 2
975 3151 1016 3217 ad
1040 3154 1087 3225 9..
1105 3151 1195 3240 quod
1211 3150 1380 3218 ostendam
1397 3150 1431 3215 in
1450 3149 1554 3216 lineis:

471 3279 514 3344 sit
532 3278 617 3346 linea
643 3300 663 3345 a
688 3281 705 3343 d
731 3277 787 3369 (l).
812 3279 864 3345 te.
889 3279 1011 3346 scilicet
1034 3278 1217 3367 quadratus
1233 3279 1404 3369 septenarij
1420 3329 1427 3354 ,
1446 3286 1479 3344 et
1500 3297 1558 3343 oc

470 3405 511 3470 sit
536 3410 590 3472 8t.
613 3405 735 3472 scilicet
757 3405 938 3494 quadratus
960 3407 1145 3495 nouerarij,
1168 3417 1201 3473 ct
1223 3427 1243 3472 a
1268 3407 1290 3472 d
1310 3407 1351 3471 sit
1373 3403 1557 3494 quadratus

470 3533 527 3620 qui
551 3531 588 3597 iit
613 3537 633 3599 a
656 3535 708 3599 t5.
734 3543 839 3599 etez
863 3533 905 3597 sit
928 3534 1112 3621 quadratus
1133 3535 1190 3622 qui
1213 3534 1249 3600 fit
1272 3538 1293 3600 a
1316 3533 1368 3598 tt.
1392 3543 1424 3598 et
1446 3553 1462 3597 c
1483 3533 1496 3596 i
1517 3531 1559 3597 sit

470 3659 652 3748 quadratus
671 3661 728 3748 qui
747 3659 783 3725 fit
797 3662 818 3726 a
834 3664 898 3736 l8,
915 3672 977 3727 etc
997 3672 1009 3727 t
1026 3662 1069 3728 sit
1082 3660 1263 3750 quadratus
1278 3661 1335 3749 qui
1355 3658 1426 3727 fita
1446 3659 1499 3725 30.
1516 3660 1558 3725 Et

470 3785 628 3873 quoniam
648 3786 790 3859 numeri,
810 3789 831 3852 a
848 3786 969 3874 quibus
987 3787 1071 3853 liunt
1089 3786 1240 3877 quadratj
1262 3807 1278 3851 c
1297 3809 1332 3862 a,
1351 3808 1366 3851 c
1382 3791 1404 3862 ι’,
1422 3808 1439 3852 c
1454 3798 1479 3863 t,
1499 3785 1560 3850 du-

470 3911 514 4000 pli
529 3904 605 3978 sunt
621 3930 848 3988 numerorum,
866 3903 1021 4001 aquibus
1036 3913 1119 3980 fiunt
1133 3912 1286 4002 quadrati
1306 3935 1326 3979 u
1343 3916 1377 3988 b,
1396 3935 1416 3980 α
1433 3935 1464 3990 c,
1484 3934 1506 3980 o
1524 3912 1556 3988 d,

469 4039 529 4103 orit
553 4036 777 4126 unusquisque
801 4037 1038 4126 quadratorum
1062 4061 1078 4105 c
1100 4063 1141 4115 z,
1163 4061 1179 4104 e
1199 4041 1230 4114 i,
1255 4061 1271 4104 e
1295 4050 1327 4115 t,
1351 4037 1558 4128 quadruplus

470 4165 521 4229 sui
543 4166 677 4241 similis,
698 4165 977 4235 scilicetezexu
997 4171 1034 4242 b,
1054 4180 1087 4235 et
1105 4169 1207 4232 eiex
1225 4188 1245 4232 o
1264 4189 1300 4243 o,
1319 4165 1556 4234 etetexod.

470 4289 511 4354 Et
533 4293 690 4379 quoniam
716 4303 804 4358 totus
827 4313 843 4357 c
862 4296 875 4358 ι’
895 4314 935 4359 ex
952 4303 1020 4359 toto
1037 4315 1059 4360 c
1076 4315 1092 4359 c
1109 4293 1314 4383 quadruplus
1338 4304 1408 4368 est,
1431 4303 1464 4361 et
1481 4315 1498 4359 c
1516 4316 1558 4368 s,

471 4434 510 4479 ex
527 4437 547 4479 a
566 4421 583 4482 b
600 4419 746 4486 similiter
761 4431 809 4486 ast
824 4417 1052 4508 quadruplus,
1069 4419 1213 4508 reliquus
1228 4441 1248 4485 s
1266 4422 1278 4485 i
1297 4441 1337 4486 ex
1360 4420 1486 4508 reliquo
1506 4421 1524 4484 d
1542 4439 1558 4483 c

471 4542 674 4632 quadruplus
702 4559 761 4613 est.
788 4549 942 4616 Similiter
972 4547 1161 4616 ostendetur
1182 4551 1195 4613 t'
1219 4559 1230 4614 t
1252 4547 1458 4636 quadruplus
1489 4568 1557 4615 esse

532 4713 569 4769 (4)
587 4711 650 4760 vent
669 4713 720 4774 ug.
736 4713 775 4764 35.
