<?xml version="1.0" encoding="UTF-8"?>
<!DOCTYPE html PUBLIC "-//W3C//DTD XHTML 1.0 Transitional//EN"
    "http://www.w3.org/TR/xhtml1/DTD/xhtml1-transitional.dtd">
<html xmlns="http://www.w3.org/1999/xhtml" xml:lang="en" lang="en">
 <head>
  <title>
</title>
<meta http-equiv="Content-Type" content="text/html;charset=utf-8" />
  <meta name='ocr-system' content='tesseract 3.04.00' />
  <meta name='ocr-capabilities' content='ocr_page ocr_carea ocr_par ocr_line ocrx_word'/>
</head>
<body>
  <div class='ocr_page' id='page_1' title='image "./opuscolidileona00fibogoog_0075.png"; bbox 0 0 4175 5792; ppageno 0'>
   <div class='ocr_carea' id='block_1_1' title="bbox 489 704 1642 2354">
    <p class='ocr_par' dir='ltr' id='par_1_1' title="bbox 489 704 1642 2354">
     <span class='ocr_line' id='line_1_1' title="bbox 1536 704 1576 767; baseline 0.025 -1"><span class='ocrx_word' id='word_1_1' title='bbox 1536 704 1576 767; x_wconf 84' lang='grc'>03</span> 
     </span>
     <span class='ocr_line' id='line_1_2' title="bbox 489 850 1573 942; baseline -0.004 -26"><span class='ocrx_word' id='word_1_2' title='bbox 489 854 532 926; x_wconf 90' lang='grc'>5,</span> <span class='ocrx_word' id='word_1_3' title='bbox 556 873 619 940; x_wconf 88' lang='lat' dir='ltr'>que</span> <span class='ocrx_word' id='word_1_4' title='bbox 643 866 718 919; x_wconf 91' lang='lat' dir='ltr'>sunt</span> <span class='ocrx_word' id='word_1_5' title='bbox 742 854 804 921; x_wconf 92' lang='lat' dir='ltr'>sub</span> <span class='ocrx_word' id='word_1_6' title='bbox 829 856 938 942; x_wconf 83' lang='lat' dir='ltr'>uirga,</span> <span class='ocrx_word' id='word_1_7' title='bbox 964 852 1091 918; x_wconf 88' lang='lat' dir='ltr'>uicibus</span> <span class='ocrx_word' id='word_1_8' title='bbox 1116 855 1154 926; x_wconf 85' lang='lat'>3,</span> <span class='ocrx_word' id='word_1_9' title='bbox 1182 850 1310 917; x_wconf 87' lang='lat' dir='ltr'>uicibus</span> <span class='ocrx_word' id='word_1_10' title='bbox 1342 851 1377 923; x_wconf 80' lang='grc'>0,</span> <span class='ocrx_word' id='word_1_11' title='bbox 1401 870 1465 937; x_wconf 90' lang='lat' dir='ltr'>que</span> <span class='ocrx_word' id='word_1_12' title='bbox 1498 858 1573 913; x_wconf 90' lang='lat' dir='ltr'>sunt</span> 
     </span>
     <span class='ocr_line' id='line_1_3' title="bbox 489 974 1572 1069; baseline -0.003 -27"><span class='ocrx_word' id='word_1_13' title='bbox 489 998 588 1066; x_wconf 90' lang='lat' dir='ltr'>super</span> <span class='ocrx_word' id='word_1_14' title='bbox 609 982 731 1069; x_wconf 83' lang='lat' dir='ltr'>uirgis,</span> <span class='ocrx_word' id='word_1_15' title='bbox 753 992 849 1047; x_wconf 86' lang='lat' dir='ltr'>erunt</span> <span class='ocrx_word' id='word_1_16' title='bbox 873 980 981 1052; x_wconf 88' lang='grc'>0805,</span> <span class='ocrx_word' id='word_1_17' title='bbox 1006 979 1046 1044; x_wconf 87' lang='lat' dir='ltr'>de</span> <span class='ocrx_word' id='word_1_18' title='bbox 1069 978 1189 1067; x_wconf 87' lang='lat' dir='ltr'>quibus</span> <span class='ocrx_word' id='word_1_19' title='bbox 1214 978 1371 1065; x_wconf 82' lang='lat' dir='ltr'>accipiam</span> <span class='ocrx_word' id='word_1_20' title='bbox 1396 981 1425 1056; x_wconf 63' lang='grc' dir='ltr'>ξ,</span> <span class='ocrx_word' id='word_1_21' title='bbox 1445 974 1507 1042; x_wconf 91' lang='lat' dir='ltr'>hoc</span> <span class='ocrx_word' id='word_1_22' title='bbox 1523 986 1572 1042; x_wconf 90' lang='lat' dir='ltr'>est</span> 
     </span>
     <span class='ocr_line' id='line_1_4' title="bbox 491 1104 1573 1195; baseline -0.001 -26"><span class='ocrx_word' id='word_1_23' title='bbox 491 1106 716 1195; x_wconf 83' lang='lat' dir='ltr'>multiplicabo</span> <span class='ocrx_word' id='word_1_24' title='bbox 737 1108 824 1174; x_wconf 83' lang='grc'>0805</span> <span class='ocrx_word' id='word_1_25' title='bbox 846 1128 903 1195; x_wconf 92' lang='lat' dir='ltr'>per</span> <span class='ocrx_word' id='word_1_26' title='bbox 925 1109 959 1181; x_wconf 94' lang='grc'>2,</span> <span class='ocrx_word' id='word_1_27' title='bbox 982 1118 1014 1172; x_wconf 90' lang='lat' dir='ltr'>ct</span> <span class='ocrx_word' id='word_1_28' title='bbox 1037 1105 1185 1171; x_wconf 90' lang='lat' dir='ltr'>diuidam</span> <span class='ocrx_word' id='word_1_29' title='bbox 1205 1125 1263 1192; x_wconf 86' lang='lat' dir='ltr'>per</span> <span class='ocrx_word' id='word_1_30' title='bbox 1285 1107 1321 1181; x_wconf 90' lang='grc'>5,</span> <span class='ocrx_word' id='word_1_31' title='bbox 1346 1105 1397 1171; x_wconf 90' lang='grc' dir='ltr'>00θο</span> <span class='ocrx_word' id='word_1_32' title='bbox 1425 1104 1573 1193; x_wconf 83' lang='lat' dir='ltr'>quintam</span> 
     </span>
     <span class='ocr_line' id='line_1_5' title="bbox 489 1232 1574 1324; baseline -0.004 -23"><span class='ocrx_word' id='word_1_33' title='bbox 489 1234 530 1301; x_wconf 88' lang='lat' dir='ltr'>de</span> <span class='ocrx_word' id='word_1_34' title='bbox 553 1236 660 1312; x_wconf 80' lang='grc'>0805,</span> <span class='ocrx_word' id='word_1_35' title='bbox 684 1257 748 1324; x_wconf 94' lang='lat' dir='ltr'>que</span> <span class='ocrx_word' id='word_1_36' title='bbox 770 1246 819 1302; x_wconf 91' lang='lat' dir='ltr'>est</span> <span class='ocrx_word' id='word_1_37' title='bbox 842 1237 930 1309; x_wconf 87' lang='grc'>360,</span> <span class='ocrx_word' id='word_1_38' title='bbox 955 1232 1180 1320; x_wconf 79' lang='lat' dir='ltr'>multiplicabo</span> <span class='ocrx_word' id='word_1_39' title='bbox 1197 1254 1255 1321; x_wconf 86' lang='lat' dir='ltr'>per</span> <span class='ocrx_word' id='word_1_40' title='bbox 1271 1236 1312 1309; x_wconf 85' lang='grc'>2,</span> <span class='ocrx_word' id='word_1_41' title='bbox 1331 1232 1420 1322; x_wconf 91' lang='lat' dir='ltr'>quod</span> <span class='ocrx_word' id='word_1_42' title='bbox 1440 1242 1488 1299; x_wconf 90' lang='lat' dir='ltr'>est</span> <span class='ocrx_word' id='word_1_43' title='bbox 1504 1234 1574 1320; x_wconf 90' lang='lat' dir='ltr'>pul-</span> 
     </span>
     <span class='ocr_line' id='line_1_6' title="bbox 489 1360 1575 1438; baseline -0.003 -10"><span class='ocrx_word' id='word_1_44' title='bbox 489 1362 623 1438; x_wconf 86' lang='lat' dir='ltr'>chrius,</span> <span class='ocrx_word' id='word_1_45' title='bbox 648 1364 778 1430; x_wconf 88' lang='lat' dir='ltr'>uenient</span> <span class='ocrx_word' id='word_1_46' title='bbox 800 1366 885 1438; x_wconf 79' lang='lat'>738,</span> <span class='ocrx_word' id='word_1_47' title='bbox 909 1374 941 1428; x_wconf 88' lang='lat' dir='ltr'>et</span> <span class='ocrx_word' id='word_1_48' title='bbox 966 1374 1013 1428; x_wconf 90' lang='lat' dir='ltr'>tot</span> <span class='ocrx_word' id='word_1_49' title='bbox 1037 1360 1152 1428; x_wconf 90' lang='lat' dir='ltr'>babuit</span> <span class='ocrx_word' id='word_1_50' title='bbox 1177 1360 1348 1427; x_wconf 85' lang='lat' dir='ltr'>sccundus.</span> <span class='ocrx_word' id='word_1_51' title='bbox 1374 1362 1498 1427; x_wconf 83' lang='lat' dir='ltr'>Rursus</span> <span class='ocrx_word' id='word_1_52' title='bbox 1521 1383 1575 1427; x_wconf 87' lang='lat' dir='ltr'>ex-</span> 
     </span>
     <span class='ocr_line' id='line_1_7' title="bbox 492 1489 1575 1578; baseline -0.002 -22"><span class='ocrx_word' id='word_1_53' title='bbox 492 1491 618 1556; x_wconf 89' lang='lat' dir='ltr'>traham</span> <span class='ocrx_word' id='word_1_54' title='bbox 641 1496 672 1571; x_wconf 61' lang='lat'>1⁴5</span> <span class='ocrx_word' id='word_1_55' title='bbox 693 1489 733 1557; x_wconf 92' lang='lat' dir='ltr'>de</span> <span class='ocrx_word' id='word_1_56' title='bbox 754 1510 821 1557; x_wconf 92' lang='lat' dir='ltr'>uno</span> <span class='ocrx_word' id='word_1_57' title='bbox 843 1492 988 1578; x_wconf 83' lang='lat' dir='ltr'>integro,</span> <span class='ocrx_word' id='word_1_58' title='bbox 1015 1490 1229 1558; x_wconf 88' lang='lat' dir='ltr'>remanebunt</span> <span class='ocrx_word' id='word_1_59' title='bbox 1246 1493 1290 1572; x_wconf 59' lang='grc'>00,</span> <span class='ocrx_word' id='word_1_60' title='bbox 1308 1509 1367 1577; x_wconf 91' lang='lat' dir='ltr'>pro</span> <span class='ocrx_word' id='word_1_61' title='bbox 1385 1490 1507 1578; x_wconf 91' lang='lat' dir='ltr'>quibus</span> <span class='ocrx_word' id='word_1_62' title='bbox 1522 1508 1575 1555; x_wconf 89' lang='lat' dir='ltr'>ac-</span> 
     </span>
     <span class='ocr_line' id='line_1_8' title="bbox 492 1617 1576 1706; baseline -0.001 -23"><span class='ocrx_word' id='word_1_63' title='bbox 492 1619 610 1706; x_wconf 91' lang='lat' dir='ltr'>cipiam</span> <span class='ocrx_word' id='word_1_64' title='bbox 635 1622 664 1699; x_wconf 60' lang='lat' dir='ltr'>l}</span> <span class='ocrx_word' id='word_1_65' title='bbox 686 1618 727 1685; x_wconf 88' lang='lat' dir='ltr'>da</span> <span class='ocrx_word' id='word_1_66' title='bbox 749 1621 857 1694; x_wconf 91' lang='grc'>2550,</span> <span class='ocrx_word' id='word_1_67' title='bbox 883 1617 945 1686; x_wconf 92' lang='lat' dir='ltr'>hoc</span> <span class='ocrx_word' id='word_1_68' title='bbox 976 1630 1024 1684; x_wconf 88' lang='lat' dir='ltr'>est</span> <span class='ocrx_word' id='word_1_69' title='bbox 1057 1618 1202 1685; x_wconf 90' lang='lat' dir='ltr'>diuidam</span> <span class='ocrx_word' id='word_1_70' title='bbox 1236 1620 1326 1685; x_wconf 91' lang='grc'>2550</span> <span class='ocrx_word' id='word_1_71' title='bbox 1361 1638 1418 1704; x_wconf 90' lang='lat' dir='ltr'>per</span> <span class='ocrx_word' id='word_1_72' title='bbox 1454 1620 1511 1693; x_wconf 85' lang='grc'>07,</span> <span class='ocrx_word' id='word_1_73' title='bbox 1544 1629 1576 1682; x_wconf 85' lang='lat' dir='ltr'>at</span> 
     </span>
     <span class='ocr_line' id='line_1_9' title="bbox 492 1747 1579 1836; baseline 0 -23"><span class='ocrx_word' id='word_1_74' title='bbox 492 1747 581 1835; x_wconf 92' lang='lat' dir='ltr'>quod</span> <span class='ocrx_word' id='word_1_75' title='bbox 605 1749 791 1835; x_wconf 89' lang='lat' dir='ltr'>prouenerit</span> <span class='ocrx_word' id='word_1_76' title='bbox 814 1748 1039 1836; x_wconf 90' lang='lat' dir='ltr'>multiplicabo</span> <span class='ocrx_word' id='word_1_77' title='bbox 1064 1769 1121 1835; x_wconf 89' lang='lat' dir='ltr'>per</span> <span class='ocrx_word' id='word_1_78' title='bbox 1145 1751 1208 1823; x_wconf 89' lang='grc'>03,</span> <span class='ocrx_word' id='word_1_79' title='bbox 1238 1749 1370 1815; x_wconf 83' lang='grc' dir='ltr'>0οθ00οθ000</span> <span class='ocrx_word' id='word_1_80' title='bbox 1396 1749 1501 1819; x_wconf 86' lang='grc'>0050,</span> <span class='ocrx_word' id='word_1_81' title='bbox 1526 1768 1579 1813; x_wconf 90' lang='lat' dir='ltr'>su-</span> 
     </span>
     <span class='ocr_line' id='line_1_10' title="bbox 492 1873 1577 1965; baseline -0.003 -25"><span class='ocrx_word' id='word_1_82' title='bbox 492 1895 549 1961; x_wconf 89' lang='lat' dir='ltr'>per</span> <span class='ocrx_word' id='word_1_83' title='bbox 571 1896 637 1962; x_wconf 89' lang='lat' dir='ltr'>que</span> <span class='ocrx_word' id='word_1_84' title='bbox 660 1874 781 1940; x_wconf 90' lang='lat' dir='ltr'>addam</span> <span class='ocrx_word' id='word_1_85' title='bbox 805 1878 892 1951; x_wconf 90' lang='grc'>200,</span> <span class='ocrx_word' id='word_1_86' title='bbox 917 1896 981 1964; x_wconf 86' lang='lat' dir='ltr'>qua</span> <span class='ocrx_word' id='word_1_87' title='bbox 1003 1877 1201 1965; x_wconf 87' lang='lat' dir='ltr'>proueniunt</span> <span class='ocrx_word' id='word_1_88' title='bbox 1232 1897 1271 1940; x_wconf 88' lang='lat' dir='ltr'>ax</span> <span class='ocrx_word' id='word_1_89' title='bbox 1295 1877 1315 1940; x_wconf 88' lang='lat'>5</span> <span class='ocrx_word' id='word_1_90' title='bbox 1348 1873 1476 1940; x_wconf 85' lang='lat' dir='ltr'>uicibus</span> <span class='ocrx_word' id='word_1_91' title='bbox 1513 1874 1577 1945; x_wconf 94' lang='grc'>00,</span> 
     </span>
     <span class='ocr_line' id='line_1_11' title="bbox 492 2000 1577 2091; baseline -0.003 -26"><span class='ocrx_word' id='word_1_92' title='bbox 492 2022 556 2087; x_wconf 92' lang='lat' dir='ltr'>que</span> <span class='ocrx_word' id='word_1_93' title='bbox 579 2013 656 2067; x_wconf 90' lang='lat' dir='ltr'>sunt</span> <span class='ocrx_word' id='word_1_94' title='bbox 678 2001 741 2067; x_wconf 93' lang='lat' dir='ltr'>sub</span> <span class='ocrx_word' id='word_1_95' title='bbox 764 2002 885 2090; x_wconf 84' lang='lat' dir='ltr'>uirgis,</span> <span class='ocrx_word' id='word_1_96' title='bbox 909 2002 1038 2068; x_wconf 90' lang='lat' dir='ltr'>uicibus</span> <span class='ocrx_word' id='word_1_97' title='bbox 1063 2003 1102 2077; x_wconf 81' lang='grc'>0,</span> <span class='ocrx_word' id='word_1_98' title='bbox 1126 2023 1191 2091; x_wconf 87' lang='lat' dir='ltr'>que</span> <span class='ocrx_word' id='word_1_99' title='bbox 1213 2009 1294 2066; x_wconf 88' lang='lat' dir='ltr'>sunt·</span> <span class='ocrx_word' id='word_1_100' title='bbox 1327 2021 1425 2087; x_wconf 89' lang='lat' dir='ltr'>super</span> <span class='ocrx_word' id='word_1_101' title='bbox 1465 2000 1577 2086; x_wconf 85' lang='lat' dir='ltr'>uirga,</span> 
     </span>
     <span class='ocr_line' id='line_1_12' title="bbox 491 2125 1579 2216; baseline -0.005 -20"><span class='ocrx_word' id='word_1_102' title='bbox 491 2141 588 2196; x_wconf 92' lang='lat' dir='ltr'>erunt</span> <span class='ocrx_word' id='word_1_103' title='bbox 610 2131 719 2204; x_wconf 88' lang='grc'>2050,</span> <span class='ocrx_word' id='word_1_104' title='bbox 742 2141 775 2195; x_wconf 87' lang='lat' dir='ltr'>et</span> <span class='ocrx_word' id='word_1_105' title='bbox 798 2141 846 2198; x_wconf 92' lang='lat' dir='ltr'>tot</span> <span class='ocrx_word' id='word_1_106' title='bbox 869 2129 984 2197; x_wconf 89' lang='lat' dir='ltr'>habuit</span> <span class='ocrx_word' id='word_1_107' title='bbox 1008 2131 1124 2197; x_wconf 89' lang='lat' dir='ltr'>tertius</span> <span class='ocrx_word' id='word_1_108' title='bbox 1149 2129 1247 2195; x_wconf 91' lang='lat' dir='ltr'>homo</span> <span class='ocrx_word' id='word_1_109' title='bbox 1262 2180 1269 2205; x_wconf 86' lang='lat'><em>,</em></span> <span class='ocrx_word' id='word_1_110' title='bbox 1287 2126 1420 2216; x_wconf 92' lang='lat' dir='ltr'>quando</span> <span class='ocrx_word' id='word_1_111' title='bbox 1435 2125 1579 2215; x_wconf 91' lang='lat' dir='ltr'>quadru-</span> 
     </span>
     <span class='ocr_line' id='line_1_13' title="bbox 494 2255 1642 2354; baseline -0.003 -32"><span class='ocrx_word' id='word_1_112' title='bbox 494 2259 628 2345; x_wconf 87' lang='lat' dir='ltr'>plicauit</span> <span class='ocrx_word' id='word_1_113' title='bbox 651 2256 812 2324; x_wconf 89' lang='lat' dir='ltr'>bizantios</span> <span class='ocrx_word' id='word_1_114' title='bbox 836 2259 1058 2347; x_wconf 90' lang='lat' dir='ltr'>reliquorum,</span> <span class='ocrx_word' id='word_1_115' title='bbox 1083 2268 1115 2324; x_wconf 91' lang='lat' dir='ltr'>et</span> <span class='ocrx_word' id='word_1_116' title='bbox 1138 2255 1263 2323; x_wconf 88' lang='lat' dir='ltr'>addidit</span> <span class='ocrx_word' id='word_1_117' title='bbox 1286 2257 1314 2322; x_wconf 88' lang='lat' dir='ltr'>ei</span> <span class='ocrx_word' id='word_1_118' title='bbox 1335 2267 1488 2344; x_wconf 83' lang='lat' dir='ltr'>quartam</span> <span class='ocrx_word' id='word_1_119' title='bbox 1507 2275 1582 2343; x_wconf 62' lang='lat' dir='ltr'>parss</span> <span class='ocrx_word' id='word_1_120' title='bbox 1639 2350 1642 2354; x_wconf 19' lang='grc' dir='ltr'>Ι</span> 
     </span>
    </p>
   </div>
   <div class='ocr_carea' id='block_1_2' title="bbox 469 2358 1580 2472">
    <p class='ocr_par' dir='ltr' id='par_1_2' title="bbox 469 2358 1580 2472">
     <span class='ocr_line' id='line_1_14' title="bbox 469 2358 1580 2472; baseline -0.002 -23"><span class='ocrx_word' id='word_1_121' title='bbox 469 2358 630 2470; x_wconf 78' lang='lat' dir='ltr'>¹partem.</span> <span class='ocrx_word' id='word_1_122' title='bbox 656 2383 743 2451; x_wconf 88' lang='lat' dir='ltr'>Vnde</span> <span class='ocrx_word' id='word_1_123' title='bbox 766 2386 792 2450; x_wconf 90' lang='lat' dir='ltr'>si</span> <span class='ocrx_word' id='word_1_124' title='bbox 816 2384 857 2452; x_wconf 87' lang='lat' dir='ltr'>de</span> <span class='ocrx_word' id='word_1_125' title='bbox 878 2386 1030 2472; x_wconf 84' lang='lat' dir='ltr'>bizantijs</span> <span class='ocrx_word' id='word_1_126' title='bbox 1060 2386 1148 2451; x_wconf 89' lang='grc'>2050</span> <span class='ocrx_word' id='word_1_127' title='bbox 1183 2384 1404 2472; x_wconf 85' lang='lat' dir='ltr'>acceperimus</span> <span class='ocrx_word' id='word_1_128' title='bbox 1427 2386 1501 2462; x_wconf 61' lang='grc' dir='ltr'>0θο</span> <span class='ocrx_word' id='word_1_129' title='bbox 1522 2384 1580 2448; x_wconf 86' lang='lat' dir='ltr'>tri-</span> 
     </span>
    </p>
   </div>
   <div class='ocr_carea' id='block_1_3' title="bbox 493 2510 1727 4510">
    <p class='ocr_par' dir='ltr' id='par_1_3' title="bbox 493 2510 1580 3748">
     <span class='ocr_line' id='line_1_15' title="bbox 493 2510 1578 2599; baseline -0.003 -21"><span class='ocrx_word' id='word_1_130' title='bbox 493 2511 555 2578; x_wconf 92' lang='lat' dir='ltr'>bus</span> <span class='ocrx_word' id='word_1_131' title='bbox 577 2510 712 2577; x_wconf 85' lang='lat' dir='ltr'>decimis</span> <span class='ocrx_word' id='word_1_132' title='bbox 731 2532 865 2587; x_wconf 84' lang='lat' dir='ltr'>eorum,</span> <span class='ocrx_word' id='word_1_133' title='bbox 891 2512 953 2579; x_wconf 91' lang='lat' dir='ltr'>hoc</span> <span class='ocrx_word' id='word_1_134' title='bbox 975 2524 1024 2579; x_wconf 88' lang='lat' dir='ltr'>est</span> <span class='ocrx_word' id='word_1_135' title='bbox 1047 2517 1077 2592; x_wconf 65' lang='lat'>³³³</span> <span class='ocrx_word' id='word_1_136' title='bbox 1101 2513 1265 2599; x_wconf 88' lang='lat' dir='ltr'>ipsorum,</span> <span class='ocrx_word' id='word_1_137' title='bbox 1292 2511 1424 2577; x_wconf 89' lang='lat' dir='ltr'>uenient</span> <span class='ocrx_word' id='word_1_138' title='bbox 1446 2512 1527 2586; x_wconf 89' lang='grc'>258,</span> <span class='ocrx_word' id='word_1_139' title='bbox 1547 2520 1578 2576; x_wconf 88' lang='grc' dir='ltr'>θῖ</span> 
     </span>
     <span class='ocr_line' id='line_1_16' title="bbox 494 2638 1577 2708; baseline 0 -4"><span class='ocrx_word' id='word_1_140' title='bbox 494 2649 541 2704; x_wconf 89' lang='lat' dir='ltr'>tot</span> <span class='ocrx_word' id='word_1_141' title='bbox 563 2639 680 2706; x_wconf 90' lang='lat' dir='ltr'>habuit</span> <span class='ocrx_word' id='word_1_142' title='bbox 705 2640 818 2707; x_wconf 88' lang='lat' dir='ltr'>tertius</span> <span class='ocrx_word' id='word_1_143' title='bbox 842 2639 950 2707; x_wconf 90' lang='lat' dir='ltr'>homo.</span> <span class='ocrx_word' id='word_1_144' title='bbox 975 2642 1032 2706; x_wconf 88' lang='lat' dir='ltr'>Est</span> <span class='ocrx_word' id='word_1_145' title='bbox 1056 2642 1142 2708; x_wconf 89' lang='lat' dir='ltr'>enim</span> <span class='ocrx_word' id='word_1_146' title='bbox 1164 2638 1216 2705; x_wconf 92' lang='lat' dir='ltr'>hic</span> <span class='ocrx_word' id='word_1_147' title='bbox 1241 2638 1358 2704; x_wconf 90' lang='lat' dir='ltr'>modus</span> <span class='ocrx_word' id='word_1_148' title='bbox 1392 2638 1506 2704; x_wconf 91' lang='lat' dir='ltr'>similis</span> <span class='ocrx_word' id='word_1_149' title='bbox 1528 2659 1577 2704; x_wconf 90' lang='lat' dir='ltr'>se-</span> 
     </span>
     <span class='ocr_line' id='line_1_17' title="bbox 493 2765 1579 2857; baseline -0.002 -24"><span class='ocrx_word' id='word_1_150' title='bbox 493 2767 622 2844; x_wconf 89' lang='lat' dir='ltr'>cundo,</span> <span class='ocrx_word' id='word_1_151' title='bbox 645 2770 723 2857; x_wconf 91' lang='lat' dir='ltr'>quia</span> <span class='ocrx_word' id='word_1_152' title='bbox 745 2789 821 2836; x_wconf 90' lang='lat' dir='ltr'>cum</span> <span class='ocrx_word' id='word_1_153' title='bbox 841 2767 903 2834; x_wconf 92' lang='lat' dir='ltr'>hoc</span> <span class='ocrx_word' id='word_1_154' title='bbox 927 2790 984 2857; x_wconf 82' lang='lat' dir='ltr'>par</span> <span class='ocrx_word' id='word_1_155' title='bbox 1006 2767 1187 2835; x_wconf 89' lang='lat' dir='ltr'>secundum</span> <span class='ocrx_word' id='word_1_156' title='bbox 1212 2767 1346 2834; x_wconf 89' lang='lat' dir='ltr'>modum</span> <span class='ocrx_word' id='word_1_157' title='bbox 1384 2765 1487 2832; x_wconf 83' lang='lat' dir='ltr'>lacere</span> <span class='ocrx_word' id='word_1_158' title='bbox 1523 2785 1579 2833; x_wconf 92' lang='lat' dir='ltr'>uo-</span> 
     </span>
     <span class='ocr_line' id='line_1_18' title="bbox 495 2893 1579 2983; baseline 0 -25"><span class='ocrx_word' id='word_1_159' title='bbox 495 2894 638 2973; x_wconf 75' lang='lat' dir='ltr'>luimuS,</span> <span class='ocrx_word' id='word_1_160' title='bbox 660 2894 869 2962; x_wconf 85' lang='lat' dir='ltr'>extrahemus</span> <span class='ocrx_word' id='word_1_161' title='bbox 892 2898 912 2962; x_wconf 90' lang='grc'>2</span> <span class='ocrx_word' id='word_1_162' title='bbox 935 2893 976 2962; x_wconf 88' lang='lat' dir='ltr'>de</span> <span class='ocrx_word' id='word_1_163' title='bbox 1000 2898 1041 2971; x_wconf 87' lang='grc'>5,</span> <span class='ocrx_word' id='word_1_164' title='bbox 1065 2905 1096 2961; x_wconf 90' lang='lat' dir='ltr'>et</span> <span class='ocrx_word' id='word_1_165' title='bbox 1121 2896 1140 2960; x_wconf 88' lang='lat'><strong>3</strong></span> <span class='ocrx_word' id='word_1_166' title='bbox 1164 2914 1228 2983; x_wconf 90' lang='lat' dir='ltr'>que</span> <span class='ocrx_word' id='word_1_167' title='bbox 1254 2905 1390 2971; x_wconf 83' lang='lat' dir='ltr'>restant,</span> <span class='ocrx_word' id='word_1_168' title='bbox 1425 2894 1579 2981; x_wconf 91' lang='lat' dir='ltr'>multipli-</span> 
     </span>
     <span class='ocr_line' id='line_1_19' title="bbox 493 3018 1579 3110; baseline -0.002 -24"><span class='ocrx_word' id='word_1_169' title='bbox 493 3022 577 3088; x_wconf 87' lang='lat' dir='ltr'>cabo</span> <span class='ocrx_word' id='word_1_170' title='bbox 601 3043 657 3110; x_wconf 90' lang='lat' dir='ltr'>per</span> <span class='ocrx_word' id='word_1_171' title='bbox 681 3024 723 3088; x_wconf 94' lang='grc'>00</span> <span class='ocrx_word' id='word_1_172' title='bbox 747 3023 876 3089; x_wconf 89' lang='lat' dir='ltr'>uicibus</span> <span class='ocrx_word' id='word_1_173' title='bbox 899 3024 962 3097; x_wconf 82' lang='grc'>07,</span> <span class='ocrx_word' id='word_1_174' title='bbox 987 3020 1116 3086; x_wconf 85' lang='lat' dir='ltr'>uicibus</span> <span class='ocrx_word' id='word_1_175' title='bbox 1140 3022 1180 3095; x_wconf 87' lang='lat'>3,</span> <span class='ocrx_word' id='word_1_176' title='bbox 1205 3031 1237 3086; x_wconf 91' lang='lat' dir='ltr'>et</span> <span class='ocrx_word' id='word_1_177' title='bbox 1260 3018 1389 3087; x_wconf 89' lang='lat' dir='ltr'>habebo</span> <span class='ocrx_word' id='word_1_178' title='bbox 1414 3022 1522 3095; x_wconf 89' lang='grc'>0530,</span> <span class='ocrx_word' id='word_1_179' title='bbox 1548 3030 1579 3085; x_wconf 90' lang='lat' dir='ltr'>et</span> 
     </span>
     <span class='ocr_line' id='line_1_20' title="bbox 498 3147 1579 3240; baseline -0.003 -27"><span class='ocrx_word' id='word_1_180' title='bbox 498 3147 560 3214; x_wconf 92' lang='lat' dir='ltr'>hoc</span> <span class='ocrx_word' id='word_1_181' title='bbox 577 3162 625 3215; x_wconf 88' lang='lat' dir='ltr'>est</span> <span class='ocrx_word' id='word_1_182' title='bbox 641 3151 819 3238; x_wconf 71' lang='lat' dir='ltr'>accipere}</span> <span class='ocrx_word' id='word_1_183' title='bbox 841 3149 881 3215; x_wconf 90' lang='lat' dir='ltr'>de</span> <span class='ocrx_word' id='word_1_184' title='bbox 898 3152 985 3215; x_wconf 90' lang='grc'>0550</span> <span class='ocrx_word' id='word_1_185' title='bbox 1008 3147 1087 3240; x_wconf 78' lang='lat' dir='ltr'>(sic),</span> <span class='ocrx_word' id='word_1_186' title='bbox 1104 3159 1136 3216; x_wconf 88' lang='lat' dir='ltr'>et</span> <span class='ocrx_word' id='word_1_187' title='bbox 1151 3147 1270 3213; x_wconf 90' lang='lat' dir='ltr'>addam</span> <span class='ocrx_word' id='word_1_188' title='bbox 1291 3157 1403 3235; x_wconf 91' lang='lat' dir='ltr'>postea</span> <span class='ocrx_word' id='word_1_189' title='bbox 1422 3148 1465 3214; x_wconf 86' lang='grc'>20</span> <span class='ocrx_word' id='word_1_190' title='bbox 1481 3169 1579 3235; x_wconf 89' lang='lat' dir='ltr'>super</span> 
     </span>
     <span class='ocr_line' id='line_1_21' title="bbox 495 3274 1580 3365; baseline -0.001 -23"><span class='ocrx_word' id='word_1_191' title='bbox 495 3279 606 3353; x_wconf 90' lang='grc'>0530,</span> <span class='ocrx_word' id='word_1_192' title='bbox 640 3289 671 3346; x_wconf 88' lang='grc' dir='ltr'>θῖ</span> <span class='ocrx_word' id='word_1_193' title='bbox 702 3277 836 3344; x_wconf 84' lang='lat' dir='ltr'>¹habebo</span> <span class='ocrx_word' id='word_1_194' title='bbox 868 3277 1017 3343; x_wconf 88' lang='lat' dir='ltr'>similiter</span> <span class='ocrx_word' id='word_1_195' title='bbox 1053 3296 1112 3365; x_wconf 89' lang='lat' dir='ltr'>pro</span> <span class='ocrx_word' id='word_1_196' title='bbox 1134 3274 1285 3362; x_wconf 84' lang='lat' dir='ltr'>bizantijs</span> <span class='ocrx_word' id='word_1_197' title='bbox 1310 3276 1404 3363; x_wconf 85' lang='lat' dir='ltr'>primj</span> <span class='ocrx_word' id='word_1_198' title='bbox 1440 3274 1580 3341; x_wconf 81' lang='lat' dir='ltr'>hominis</span> 
     </span>
     <span class='ocr_line' id='line_1_22' title="bbox 496 3404 1577 3491; baseline -0.001 -21"><span class='ocrx_word' id='word_1_199' title='bbox 496 3406 594 3470; x_wconf 82' lang='grc'>0550.</span> <span class='ocrx_word' id='word_1_200' title='bbox 617 3407 698 3471; x_wconf 92' lang='lat' dir='ltr'>ltem</span> <span class='ocrx_word' id='word_1_201' title='bbox 721 3405 889 3472; x_wconf 84' lang='lat' dir='ltr'>extraham</span> <span class='ocrx_word' id='word_1_202' title='bbox 909 3406 928 3471; x_wconf 89' lang='lat'><strong>3</strong></span> <span class='ocrx_word' id='word_1_203' title='bbox 953 3405 993 3470; x_wconf 88' lang='lat' dir='ltr'>de</span> <span class='ocrx_word' id='word_1_204' title='bbox 1016 3406 1080 3480; x_wconf 89' lang='grc'>00,</span> <span class='ocrx_word' id='word_1_205' title='bbox 1100 3413 1131 3469; x_wconf 91' lang='lat' dir='ltr'>et</span> <span class='ocrx_word' id='word_1_206' title='bbox 1148 3405 1167 3467; x_wconf 84' lang='lat'><strong>7</strong></span> <span class='ocrx_word' id='word_1_207' title='bbox 1186 3424 1250 3491; x_wconf 92' lang='lat' dir='ltr'>que</span> <span class='ocrx_word' id='word_1_208' title='bbox 1272 3414 1439 3470; x_wconf 87' lang='lat' dir='ltr'>remanent</span> <span class='ocrx_word' id='word_1_209' title='bbox 1457 3404 1577 3469; x_wconf 91' lang='lat' dir='ltr'>ducam</span> 
     </span>
     <span class='ocr_line' id='line_1_23' title="bbox 496 3530 1578 3610; baseline 0.003 -17"><span class='ocrx_word' id='word_1_210' title='bbox 496 3531 528 3594; x_wconf 96' lang='lat' dir='ltr'>in</span> <span class='ocrx_word' id='word_1_211' title='bbox 553 3534 593 3596; x_wconf 85' lang='grc'>07</span> <span class='ocrx_word' id='word_1_212' title='bbox 619 3531 746 3598; x_wconf 89' lang='lat' dir='ltr'>uicibus</span> <span class='ocrx_word' id='word_1_213' title='bbox 769 3536 809 3607; x_wconf 88' lang='lat'>5,</span> <span class='ocrx_word' id='word_1_214' title='bbox 834 3532 963 3598; x_wconf 89' lang='lat' dir='ltr'>uicibus</span> <span class='ocrx_word' id='word_1_215' title='bbox 987 3535 1028 3608; x_wconf 88' lang='lat'>3,</span> <span class='ocrx_word' id='word_1_216' title='bbox 1053 3543 1085 3598; x_wconf 89' lang='lat' dir='ltr'>et</span> <span class='ocrx_word' id='word_1_217' title='bbox 1108 3531 1237 3598; x_wconf 86' lang='lat' dir='ltr'>habebo</span> <span class='ocrx_word' id='word_1_218' title='bbox 1261 3537 1290 3610; x_wconf 72' lang='grc'>,0,</span> <span class='ocrx_word' id='word_1_219' title='bbox 1309 3530 1348 3596; x_wconf 89' lang='lat' dir='ltr'>de</span> <span class='ocrx_word' id='word_1_220' title='bbox 1365 3531 1467 3604; x_wconf 90' lang='grc'>2550,</span> <span class='ocrx_word' id='word_1_221' title='bbox 1485 3542 1516 3596; x_wconf 88' lang='lat' dir='ltr'>et</span> <span class='ocrx_word' id='word_1_222' title='bbox 1533 3531 1578 3596; x_wconf 84' lang='lat' dir='ltr'>sic</span> 
     </span>
     <span class='ocr_line' id='line_1_24' title="bbox 494 3659 1330 3748; baseline -0.004 -23"><span class='ocrx_word' id='word_1_223' title='bbox 494 3678 669 3745; x_wconf 90' lang='lat' dir='ltr'>possumus</span> <span class='ocrx_word' id='word_1_224' title='bbox 692 3659 805 3726; x_wconf 87' lang='lat' dir='ltr'>eodem</span> <span class='ocrx_word' id='word_1_225' title='bbox 832 3659 928 3726; x_wconf 93' lang='lat' dir='ltr'>modo</span> <span class='ocrx_word' id='word_1_226' title='bbox 952 3663 984 3726; x_wconf 92' lang='lat' dir='ltr'>in</span> <span class='ocrx_word' id='word_1_227' title='bbox 1008 3660 1168 3726; x_wconf 88' lang='lat' dir='ltr'>similibus</span> <span class='ocrx_word' id='word_1_228' title='bbox 1191 3661 1330 3748; x_wconf 86' lang='lat' dir='ltr'>operarj.</span> 
     </span>
    </p>

    <p class='ocr_par' dir='ltr' id='par_1_4' title="bbox 497 3768 1727 4510">
     <span class='ocr_line' id='line_1_25' title="bbox 564 3768 1727 3876; baseline 0.007 -29"><span class='ocrx_word' id='word_1_229' title='bbox 564 3785 605 3847; x_wconf 90' lang='lat' dir='ltr'>Et</span> <span class='ocrx_word' id='word_1_230' title='bbox 627 3787 705 3872; x_wconf 90' lang='lat' dir='ltr'>quia</span> <span class='ocrx_word' id='word_1_231' title='bbox 726 3797 869 3876; x_wconf 89' lang='lat' dir='ltr'>quatuor</span> <span class='ocrx_word' id='word_1_232' title='bbox 892 3790 1014 3856; x_wconf 87' lang='lat' dir='ltr'>inuenti</span> <span class='ocrx_word' id='word_1_233' title='bbox 1040 3768 1165 3854; x_wconf 74' lang='lat' dir='ltr'>numeri</span> <span class='ocrx_word' id='word_1_234' title='bbox 1191 3798 1267 3853; x_wconf 87' lang='lat' dir='ltr'>sunt</span> <span class='ocrx_word' id='word_1_235' title='bbox 1286 3787 1346 3853; x_wconf 91' lang='lat' dir='ltr'>sibi</span> <span class='ocrx_word' id='word_1_236' title='bbox 1365 3787 1504 3853; x_wconf 86' lang='lat' dir='ltr'>inuicem</span> <span class='ocrx_word' id='word_1_237' title='bbox 1525 3806 1579 3852; x_wconf 87' lang='lat' dir='ltr'>co·</span> <span class='ocrx_word' id='word_1_238' title='bbox 1609 3815 1727 3861; x_wconf 68' lang='lat' dir='ltr'>nnuma</span> 
     </span>
     <span class='ocr_line' id='line_1_26' title="bbox 497 3913 1580 3988; baseline 0.002 -12"><span class='ocrx_word' id='word_1_239' title='bbox 497 3913 722 3988; x_wconf 87' lang='lat' dir='ltr'>municantes‚</span> <span class='ocrx_word' id='word_1_240' title='bbox 746 3927 778 3981; x_wconf 91' lang='grc' dir='ltr'>θῖ</span> <span class='ocrx_word' id='word_1_241' title='bbox 801 3927 850 3983; x_wconf 87' lang='grc' dir='ltr'>θεῖ</span> <span class='ocrx_word' id='word_1_242' title='bbox 872 3918 1019 3982; x_wconf 90' lang='lat' dir='ltr'>senarius</span> <span class='ocrx_word' id='word_1_243' title='bbox 1043 3916 1192 3982; x_wconf 90' lang='lat' dir='ltr'>comunis</span> <span class='ocrx_word' id='word_1_244' title='bbox 1221 3935 1335 3982; x_wconf 86' lang='lat' dir='ltr'>eorum</span> <span class='ocrx_word' id='word_1_245' title='bbox 1368 3935 1533 3988; x_wconf 86' lang='lat' dir='ltr'>mensura,</span> <span class='ocrx_word' id='word_1_246' title='bbox 1555 3915 1580 3978; x_wconf 93' lang='lat' dir='ltr'>si</span> 
     </span>
     <span class='ocr_line' id='line_1_27' title="bbox 497 4040 1582 4134; baseline 0.003 -28"><span class='ocrx_word' id='word_1_247' title='bbox 497 4040 707 4108; x_wconf 89' lang='lat' dir='ltr'>diuiserimus</span> <span class='ocrx_word' id='word_1_248' title='bbox 729 4065 997 4134; x_wconf 90' lang='lat' dir='ltr'>unumquemque</span> <span class='ocrx_word' id='word_1_249' title='bbox 1019 4064 1132 4112; x_wconf 88' lang='lat' dir='ltr'>eorum</span> <span class='ocrx_word' id='word_1_250' title='bbox 1159 4065 1216 4131; x_wconf 90' lang='lat' dir='ltr'>per</span> <span class='ocrx_word' id='word_1_251' title='bbox 1232 4046 1273 4120; x_wconf 87' lang='lat'>6,</span> <span class='ocrx_word' id='word_1_252' title='bbox 1298 4043 1472 4112; x_wconf 90' lang='lat' dir='ltr'>habebitur</span> <span class='ocrx_word' id='word_1_253' title='bbox 1495 4044 1582 4110; x_wconf 90' lang='lat' dir='ltr'>solu-</span> 
     </span>
     <span class='ocr_line' id='line_1_28' title="bbox 500 4159 1647 4255; baseline 0.002 -21"><span class='ocrx_word' id='word_1_254' title='bbox 500 4168 545 4234; x_wconf 89' lang='lat' dir='ltr'>tio</span> <span class='ocrx_word' id='word_1_255' title='bbox 568 4165 666 4234; x_wconf 90' lang='lat' dir='ltr'>huius</span> <span class='ocrx_word' id='word_1_256' title='bbox 699 4159 877 4255; x_wconf 72' lang='lat' dir='ltr'>questionis</span> <span class='ocrx_word' id='word_1_257' title='bbox 901 4172 933 4235; x_wconf 91' lang='lat' dir='ltr'>in</span> <span class='ocrx_word' id='word_1_258' title='bbox 971 4170 1151 4238; x_wconf 90' lang='lat' dir='ltr'>minoribus</span> <span class='ocrx_word' id='word_1_259' title='bbox 1185 4173 1350 4246; x_wconf 88' lang='lat' dir='ltr'>numeris,</span> <span class='ocrx_word' id='word_1_260' title='bbox 1390 4181 1421 4237; x_wconf 87' lang='lat' dir='ltr'>et</span> <span class='ocrx_word' id='word_1_261' title='bbox 1454 4192 1582 4236; x_wconf 90' lang='lat' dir='ltr'>summa</span> <span class='ocrx_word' id='word_1_262' title='bbox 1640 4181 1647 4195; x_wconf 81' lang='lat'><strong><em>‘</em></strong></span> 
     </span>
     <span class='ocr_line' id='line_1_29' title="bbox 498 4295 1582 4385; baseline 0 -22"><span class='ocrx_word' id='word_1_263' title='bbox 498 4316 613 4363; x_wconf 90' lang='lat' dir='ltr'>eorum</span> <span class='ocrx_word' id='word_1_264' title='bbox 632 4296 693 4362; x_wconf 88' lang='lat' dir='ltr'>erit</span> <span class='ocrx_word' id='word_1_265' title='bbox 714 4295 795 4370; x_wconf 78' lang='grc'>025,</span> <span class='ocrx_word' id='word_1_266' title='bbox 819 4308 850 4361; x_wconf 86' lang='lat' dir='ltr'>et</span> <span class='ocrx_word' id='word_1_267' title='bbox 872 4297 1004 4383; x_wconf 88' lang='lat' dir='ltr'>bizantij</span> <span class='ocrx_word' id='word_1_268' title='bbox 1023 4300 1118 4385; x_wconf 86' lang='lat' dir='ltr'>primi</span> <span class='ocrx_word' id='word_1_269' title='bbox 1136 4308 1231 4363; x_wconf 86' lang='lat' dir='ltr'>erunt</span> <span class='ocrx_word' id='word_1_270' title='bbox 1250 4299 1331 4375; x_wconf 86' lang='grc'>259,</span> <span class='ocrx_word' id='word_1_271' title='bbox 1348 4296 1485 4363; x_wconf 86' lang='lat' dir='ltr'>Secundi</span> <span class='ocrx_word' id='word_1_272' title='bbox 1500 4298 1582 4372; x_wconf 90' lang='grc'>023,</span> 
     </span>
     <span class='ocr_line' id='line_1_30' title="bbox 499 4426 671 4510; baseline 0.017 -21"><span class='ocrx_word' id='word_1_273' title='bbox 499 4426 593 4510; x_wconf 85' lang='lat' dir='ltr'>Tertij</span> <span class='ocrx_word' id='word_1_274' title='bbox 620 4427 671 4492; x_wconf 84' lang='grc'>03.</span> 
     </span>
    </p>
   </div>
   <div class='ocr_carea' id='block_1_4' title="bbox 0 0 2099 5792">
    <p class='ocr_par' dir='ltr' id='par_1_5' title="bbox 0 0 2099 5792">
     <span class='ocr_line' id='line_1_31' title="bbox 0 0 2099 5792; baseline 0 0"><span class='ocrx_word' id='word_1_275' title='bbox 0 0 2099 5792; x_wconf 95' lang='lat' dir='ltr'> </span> 
     </span>
    </p>
   </div>
  </div>
 </body>
</html>
