4175 5792
485 684 527 750 ot

481 837 524 901 16
539 833 617 925 (stc),
634 846 730 901 erunt
754 837 858 910 3387,
881 857 946 926 que
961 836 1089 902 ducam
1107 837 1140 900 in
1157 838 1191 912 3,
1209 858 1274 924 que
1290 846 1368 901 sunt
1385 834 1449 901 sub
1469 836 1577 923 uirga,

481 971 578 1026 erunt
594 962 719 1036 10161,
738 982 803 1049 que
815 960 956 1028 seruabo
974 983 1074 1050 super
1094 963 1227 1028 tertium
1247 961 1425 1028 hominem.
1443 961 1581 1027 Etcum

481 1087 596 1154 eodem
616 1086 714 1153 modo
730 1100 885 1176 operatus
903 1087 993 1155 luero
1016 1089 1049 1154 in
1072 1089 1278 1155 inuenctione
1294 1088 1403 1175 quartj
1421 1097 1453 1154 et
1472 1088 1578 1176 quintj

482 1217 623 1293 numeri,
648 1215 777 1283 habebo
800 1238 899 1305 super
922 1228 1079 1304 quartum
1105 1215 1271 1283 hominem
1291 1218 1413 1291 11268,
1431 1226 1464 1284 61
1482 1238 1581 1305 super

483 1346 636 1433 quintum
656 1348 781 1413 1676οι
801 1344 918 1413 deinde
941 1343 1167 1433 multiplicabo
1190 1345 1210 1411 2
1232 1365 1289 1432 per
1305 1345 1346 1422 3,
1370 1366 1435 1434 que
1454 1365 1515 1432 per
1538 1344 1579 1419 1,

482 1492 548 1559 que
570 1493 629 1560 per
652 1474 685 1548 6,
709 1494 775 1561 que
798 1494 855 1561 per
878 1475 899 1539 6
924 1493 989 1562 que
1012 1484 1089 1539 sunt
1112 1471 1175 1539 sub
1199 1472 1349 1560 ungulis,
1372 1482 1469 1539 erunt
1495 1475 1581 1549 720,

482 1608 515 1664 61
538 1598 765 1688 multiplicabo
788 1603 830 1676 1,
854 1599 942 1689 quod
968 1611 1018 1666 est
1041 1621 1141 1688 super
1163 1602 1198 1675 2,
1224 1600 1257 1664 in
1282 1601 1294 1663 l
1325 1597 1416 1687 quod
1440 1610 1492 1665 est
1529 1621 1582 1666 su-

485 1747 542 1815 per
565 1728 607 1801 3,
630 1725 720 1815 quod
744 1727 810 1793 inl
840 1725 929 1814 quod
954 1738 1125 1815 estsuper
1149 1728 1185 1803 1,
1208 1726 1298 1816 quod
1322 1727 1354 1791 in
1380 1729 1393 1791 l
1423 1726 1517 1816 quod
1532 1739 1582 1794 est

485 1873 584 1939 super
607 1857 640 1928 5,
664 1852 754 1941 quod
780 1854 812 1919 in
835 1856 849 1919 l
879 1853 970 1943 quod
993 1865 1043 1920 est
1066 1874 1166 1942 super
1189 1857 1230 1931 6,
1266 1855 1398 1922 uenient
1425 1857 1438 1920 1
1461 1904 1468 1930 ,
1493 1855 1583 1943 quod

485 1981 607 2048 addam
630 2002 706 2048 cum
731 1983 821 2058 720,
845 2001 922 2048 666
947 1983 1193 2072 propositorum
1215 1979 1388 2048 hominum
1424 2003 1583 2048 numerus

486 2110 528 2176 sit
547 2110 654 2199 inpar,
671 2111 749 2199 quia
765 2113 793 2176 si
813 2121 898 2176 esset
922 2131 982 2197 par
1007 2109 1196 2187 tolleretur,
1219 2120 1316 2176 erunt
1341 2111 1423 2187 721,
1448 2111 1479 2175 in
1503 2131 1585 2201 quo-

487 2260 561 2304 rum
578 2237 703 2326 regula,
721 2259 786 2326 que
809 2248 858 2304 est
874 2240 892 2321 1
909 2237 950 2304 de
970 2240 1050 2311 103,
1075 2237 1241 2305 diuidendi
1266 2249 1343 2305 sunt
1366 2240 1584 2328 suprascripti

488 2366 615 2433 numeri
631 2387 688 2455 per
706 2364 872 2442 ordinem,
893 2377 926 2431 et
949 2362 1082 2432 habebo
1105 2368 1307 2454 quantitates
1325 2367 1585 2456 uniuscuiusque

488 2514 624 2571 eorum,
649 2504 686 2561 ut
709 2495 867 2580 superius·
885 2493 917 2557 in
940 2494 1115 2582 questione
1139 2493 1293 2558 cernitur.

604 2755 802 2841 Incestipott'o
820 2756 900 2819 unde
919 2756 1067 2841 procedat
1089 2758 1227 2820 inuentio
1248 2758 1472 2842 suprascripta.

439 3033 459 3058 ⁰⁰
562 3015 652 3080 Etsi
676 3013 763 3081 unde
787 3014 860 3080 talis
884 3014 1028 3081 inuentio
1052 3012 1209 3101 procedat
1228 3012 1234 3102 Ι
1256 3011 1377 3080 habere
1399 3012 1587 3089 uolueritis,

493 3142 588 3211 uobis
600 3142 690 3220 illud,
704 3154 863 3233 tanquam
878 3141 1011 3209 domino
1027 3141 1229 3217 uenerando,
1243 3142 1371 3207 mittere
1387 3140 1586 3229 procurabo.

449 3340 453 3351 ,
490 3271 671 3339 Soluuntur
693 3271 794 3340 etiam
815 3269 937 3338 similes
952 3270 1138 3358 questiones
1162 3268 1270 3346 aliter,
1293 3278 1330 3335 61
1353 3269 1386 3334 16
1410 3268 1495 3335 libro
1512 3287 1588 3336 meo

489 3399 700 3468 denominato
724 3411 835 3468 uestra
857 3399 1022 3487 Sapientia
1045 3400 1165 3485 poterit
1188 3398 1345 3464 inuenire.
1370 3398 1412 3463 Et
1435 3398 1463 3463 si
1487 3418 1589 3486 super

493 3524 644 3592 denarios
665 3528 763 3593 unius
785 3527 945 3612 cuiusque
969 3523 1146 3591 adderetur
1174 3524 1289 3591 eadem
1327 3544 1403 3610 pars
1436 3522 1589 3590 denario·

493 3673 568 3718 rum
592 3652 793 3739 reliquorum
817 3662 960 3739 quatuor
983 3649 1177 3728 hominum,
1200 3673 1265 3739 que
1288 3651 1421 3718 additur
1444 3653 1477 3717 in
1500 3651 1590 3717 diota

492 3780 664 3870 questione
686 3780 864 3868 unicuique
886 3778 928 3846 de
950 3800 1012 3847 suo
1035 3791 1277 3868 consequente,
1305 3788 1339 3846 et
1362 3776 1500 3846 haberet
1523 3780 1589 3867 pri-

494 3929 568 3975 mus
590 3908 655 3984 12,
679 3905 849 3974 Secundus
872 3908 936 3982 16,
960 3917 993 3974 61
1017 3919 1126 3975 cetera
1150 3918 1186 3974 ut
1209 3927 1331 3994 supra,
1356 3918 1435 3973 tuno
1456 3907 1589 3995 questio

494 4049 580 4105 esset
603 4034 805 4112 insolubilis,
829 4035 890 4102 uisi
911 4033 1146 4103 concederetur
1169 4035 1313 4122 primum
1343 4033 1466 4102 habere
1499 4032 1591 4102 debi-

495 4176 588 4242 tum,
622 4163 711 4255 quod
725 4219 732 4234 .
747 4162 895 4230 debitum
928 4172 1013 4232 esset
1037 4168 1082 4246 ἶς’,
1106 4164 1157 4230 13.
1183 4166 1224 4229 Ε1
1251 4163 1421 4231 Secundus
1451 4162 1590 4231 haberet

493 4296 772 4380 3111376066
794 4295 915 4374 ,1311
941 4292 1087 4371 Quartus
1112 4295 1192 4375 1113,
1215 4298 1268 4362 16.
1303 4295 1444 4374 Quintus
1466 4299 1512 4376 ἐξ,
1534 4295 1588 4360 20.
