4175 5792
1460 718 1503 782 75

406 884 564 932 numerus
589 886 612 929 n
632 886 649 929 ο
672 862 850 932 rationalis.
871 864 1024 932 Similiter
1048 866 1072 931 si
1091 864 1298 932 diuiserimus
1321 884 1353 928 m
1369 863 1381 927 1
1400 881 1457 950 per
1470 864 1499 947 1,

405 991 515 1059 ueniet
532 1014 549 1058 ο
566 1012 605 1057 m.
627 991 754 1060 quenti
773 1003 850 1059 suut
867 1012 946 1082 ergo
960 993 1027 1060 duo
1044 993 1171 1060 numeri
1195 1014 1216 1056 u
1232 1013 1249 1057 o
1267 1001 1299 1058 et
1315 1012 1332 1056 o
1348 1011 1402 1067 m,
1421 1008 1503 1079 quo·
1551 1072 1556 1081 .

407 1143 481 1189 rum
506 1120 661 1209 quadrati
684 1120 850 1188 coniuncti
876 1118 999 1187 iaciunt
1019 1140 1084 1186 non
1107 1120 1308 1210 quadrutum
1326 1136 1499 1185 numerum

407 1251 440 1296 m
451 1252 473 1295 n
485 1280 493 1307 ,
505 1227 569 1296 hoc
580 1239 629 1296 est
641 1251 816 1296 numerum
831 1253 851 1295 z
866 1282 873 1305 ,
892 1230 951 1317 qui
963 1251 981 1294 z
995 1240 1045 1297 cst
1057 1231 1260 1318 compositus
1275 1247 1317 1294 ex
1330 1224 1500 1317 quadratis

408 1377 622 1425 numerorum
646 1379 689 1444 9,
714 1357 752 1432 cl,
777 1356 867 1446 quod
880 1357 1055 1446 oportebat
1077 1355 1255 1424 ostendere.

474 1485 520 1550 Er
542 1496 580 1551 ut
603 1482 664 1552 hec
688 1486 720 1550 in
744 1486 889 1552 numeris
905 1485 1182 1561 demonstrentur,
1198 1485 1241 1550 sit
1253 1502 1410 1551 numerus
1420 1502 1451 1565 p,
1470 1481 1501 1553 l.

408 1622 441 1678 et
461 1632 620 1678 numerus
635 1611 666 1677 d.
682 1616 718 1690 5;
732 1632 834 1701 quare
852 1613 1055 1700 compositus
1073 1633 1112 1678 ex
1128 1609 1297 1699 quadratis
1316 1608 1322 1697 Ι
1343 1609 1502 1695 ipsorum,
1523 1611 1555 1654 11·
1564 1614 1586 1646 ²¹*
1595 1614 1650 1648 '⁰⁰²⁰-

408 1741 536 1809 scilicet
556 1764 593 1817 z,
606 1750 664 1807 est.
680 1741 715 1807 11
737 1751 797 1817 ,et
816 1762 856 1808 ex
875 1740 1101 1807 adiacentibus
1125 1737 1252 1805 numeri
1266 1759 1287 1803 a
1303 1736 1344 1803 sit
1363 1737 1404 1812 3,
1428 1743 1461 1800 et
1482 1733 1504 1798 d

410 1871 462 1937 sit.
480 1870 513 1946 l,
532 1888 674 1957 quorum
688 1867 841 1958 quadrati
853 1868 1018 1935 coniuncti
1031 1867 1164 1936 iaciunt.
1178 1867 1236 1942 15,
1248 1865 1370 1932 scilicet
1389 1883 1502 1929 nurne-

408 2019 482 2063 rum
503 2018 535 2076 e;
555 1995 785 2084 multiplicatio
802 1995 935 2085 quidem
947 1997 1059 2062 exein
1071 2017 1107 2082 9,
1125 1994 1246 2061 scilicet
1267 1992 1307 2059 dc
1328 1992 1430 2058 2513.
1448 1991 1501 2064 11,

411 2124 517 2213 surgit
533 2124 565 2189 in
585 2124 739 2198 1021131
758 2133 807 2191 est
823 2123 975 2211 possibile
993 2123 1139 2190 invenire
1158 2122 1241 2189 duos
1252 2121 1333 2187 alios
1349 2137 1503 2185 numeros

408 2252 596 2341 dupliciter,
616 2271 759 2340 quorum
776 2250 928 2339 quadrati
949 2250 1113 2316 coniuncti
1131 2249 1264 2315 faciunt.
1287 2249 1397 2322 1023,
1422 2265 1502 2335 quo·

410 2402 485 2447 rum
506 2402 592 2447 unus
608 2390 657 2446 est
672 2383 726 2458 32,
744 2380 834 2446 alter.
858 2382 887 2453 l,
907 2379 959 2464 vpl
977 2399 1063 2445 unus
1085 2387 1133 2445 est
1154 2379 1207 2452 31,
1232 2386 1264 2442 et
1283 2376 1376 2442 alius.
1398 2379 1439 2441 8:
1461 2375 1503 2439 sit

409 2509 568 2598 ergolcl.
600 2510 657 2586 32,
687 2520 745 2575 aut
772 2512 826 2586 31,
847 2521 879 2576 et
902 2508 914 2573 1
934 2529 966 2573 m
987 2509 1038 2574 sit.
1064 2505 1177 2581 l‚ucl
1201 2510 1242 2582 8,
1265 2516 1298 2570 et
1321 2502 1502 2589 accipiatur

410 2638 504 2705 radix
526 2637 568 2705 de
590 2640 648 2713 25,
672 2637 795 2705 scilicet
818 2644 976 2705 uumerus
997 2638 1031 2725 s,
1055 2648 1088 2705 et
1108 2635 1300 2702 diuidantur
1316 2654 1374 2720 per
1394 2632 1501 2719 ipsum

408 2766 538 2833 numeri
563 2768 583 2831 1
606 2763 616 2828 1
637 2776 669 2832 31
692 2765 704 2830 1
723 2787 777 2840 m,
810 2777 842 2831 et
876 2762 1070 2831 habebimus
1101 2785 1123 2827 c
1145 2773 1216 2829 oet
1239 2785 1256 2828 o
1278 2782 1328 2827 nt.
1353 2758 1504 2827 videlicet

411 2893 591 2959 siklcst
628 2892 889 2969 32,ettmest.
920 2895 951 2967 l,
974 2893 1034 2959 erit
1060 2915 1082 2957 n
1109 2895 1202 2972 016,
1223 2890 1414 2957 etomerit
1434 2898 1504 2953 tan·

411 3034 483 3089 lum
507 3023 645 3101 lunius.
664 3023 810 3088 luvencti
822 3032 898 3088 sunt
911 3040 988 3109 ergo
1001 3019 1067 3087 duo
1080 3021 1221 3095 numeri,
1231 3012 1380 3098 scilicet}
1396 3024 1416 3086 6
1435 3029 1468 3086 et
1487 3019 1503 3095 1

410 3170 555 3239 quorum
575 3149 727 3238 quadrati
743 3159 915 3237 aquantur.
932 3150 987 3223 11,
1008 3147 1131 3215 scilicet
1150 3166 1286 3214 numero
1301 3168 1341 3225 ²3
1362 3157 1394 3212 et
1413 3146 1440 3210 si
1461 3145 1505 3207 11

410 3277 520 3345 fuerit.
542 3278 595 3354 31,
626 3276 864 3343 etlmluerit.
894 3279 928 3350 8,
947 3275 1008 3347 erit
1029 3275 1399 3354 no‚}6,etomerit
1416 3278 1438 3353 t}
1460 3277 1502 3348 1,

409 3404 510 3471 etsie
529 3403 670 3470 invencti
690 3413 767 3469 sunt
784 3401 850 3469 duo
867 3402 920 3489 alij
941 3403 1082 3474 numeri,
1095 3421 1238 3489 quorum
1257 3399 1408 3488 quadrati
1429 3400 1503 3466 insi-

409 3530 480 3597 mul
502 3530 669 3598 coniuncti
692 3530 812 3597 saciant
834 3528 981 3597 similiter
1004 3531 1058 3605 11,
1083 3529 1172 3618 quod
1185 3527 1358 3616 oportebat
1385 3527 1500 3594 lacere.

481 3658 515 3725 Sr
529 3658 572 3725 ab
585 3659 710 3725 unitate
725 3657 853 3723 numeri
869 3666 1105 3747 quotcumque
1121 3657 1286 3736 continui,
1303 3677 1399 3746 pares
1414 3656 1502 3724 vidc-

408 3786 486 3852 licet
509 3795 542 3851 et
566 3785 728 3871 impares,
753 3782 902 3850 ordinate
924 3783 1152 3873 disponantur,
1175 3805 1332 3852 numerus
1359 3783 1502 3858 solidus,
1552 3754 1559 3769 ‘

406 3912 465 3999 qui
488 3909 525 3976 lit
549 3910 592 3978 ab
626 3911 741 3977 ultimo
765 3921 797 3977 et
821 3915 841 3977 a
864 3923 1019 3999 sequente
1042 3922 1075 3978 et
1097 3911 1141 3979 ab
1163 3933 1277 3979 eorum
1306 3921 1503 4000 aggregato,

406 4047 548 4127 equetus
572 4039 727 4127 sexcuplo
750 4059 899 4106 summae
922 4039 1124 4108 collectionis
1147 4043 1295 4108 omnium
1325 4038 1503 4129 quadrato-

409 4186 508 4240 rum,
532 4165 589 4254 qui
613 4164 696 4230 liunt
731 4165 773 4232 ab
808 4166 962 4233 omnibus
985 4168 1151 4244 numeris,
1175 4166 1325 4235 videlicet
1344 4168 1401 4254 qui
1421 4165 1504 4231 fiunt

409 4289 454 4358 ab
477 4291 602 4358 unitate
620 4301 653 4358 et
673 4295 693 4357 a
712 4289 876 4379 dispositis
894 4293 1056 4359 numeris:
1073 4291 1289 4380 disponantur
1308 4290 1441 4379 quidem
1461 4289 1503 4357 ab

333 4478 335 4483 s
412 4418 569 4485 unitatea
585 4421 603 4484 1
619 4416 662 4508 (l)
680 4467 686 4491 ‚
704 4419 831 4484 numeri
847 4420 992 4485 continui
1012 4441 1107 4509 pares
1125 4430 1157 4486 et
1178 4421 1318 4509 impares
1333 4394 1521 4509 quomam-¹

489 4596 520 4653 ln
538 4595 601 4644 ven
620 4597 670 4659 rig.
688 4596 727 4647 sr.

1231 4700 1275 4748 rc·
