4175 5792
464 683 528 747 tte

464 845 698 901 numerorum,
724 823 847 890 scilicet
870 821 919 888 de.
945 825 975 888 l.
1000 834 1032 890 et
1056 824 1110 904 3.)
1134 823 1195 889 erit
1219 820 1425 889 manifestum
1460 817 1540 908 quod

464 952 687 1042 unusquisque
709 951 892 1040 quadratus
914 970 974 1039 par
998 949 1089 1016 addit
1111 947 1196 1017 duos
1217 949 1446 1038 quaternarios
1479 946 1544 1036 plus

465 1099 563 1167 super
586 1075 831 1145 antecedentem
854 1076 1054 1167 quadratum
1078 1097 1212 1165 parem,
1245 1097 1344 1165 super
1376 1085 1545 1164 quaterna

468 1207 552 1282 rios,
575 1227 660 1296 quos
681 1204 773 1273 addit
797 1207 864 1294 ipse
888 1205 1083 1274 antecedens
1105 1205 1287 1294 quadratus
1320 1224 1422 1292 super
1454 1222 1544 1269 suum

467 1333 711 1401 antecedentem
747 1330 966 1422 quadratum,
999 1333 1063 1399 hcc
1097 1331 1187 1422 qued
1220 1332 1336 1399 tertius
1368 1327 1547 1419 quadratus

464 1481 524 1549 par
539 1458 630 1527 addit
645 1479 744 1549 super
762 1457 940 1527 secundum
960 1459 1159 1548 quadratum
1180 1481 1291 1548 parem
1307 1458 1457 1548 quinque
1473 1474 1549 1545 qua·

470 1586 649 1659 ternarios,
673 1604 749 1650 cum
772 1582 936 1649 secundus
958 1581 1141 1672 quadratus
1165 1605 1226 1672 par
1249 1581 1340 1649 addit
1366 1601 1470 1670 super
1492 1580 1549 1668 pri

471 1733 561 1779 mum
585 1723 650 1779 tres
671 1712 919 1801 quatemari0s‚
941 1712 1074 1779 scilicet.
1098 1714 1152 1780 46.
1170 1686 1284 1800 super.
1307 1711 1337 1777 l.
1361 1721 1396 1777 et
1417 1718 1550 1799 quartus

469 1839 651 1929 quadratus
685 1861 744 1929 par
777 1837 868 1905 addit
901 1861 1000 1928 super
1034 1841 1165 1906 tertium
1198 1838 1398 1928 quadratum
1431 1847 1550 1925 septem

469 1970 715 2059 quaternarios,
739 1979 772 2036 et
797 1968 842 2035 ita
866 1968 984 2035 accidit
1007 1966 1161 2034 omnibus
1193 1988 1252 2057 per
1283 1966 1443 2034 ordinem.
1468 1963 1552 2033 Vnde

469 2117 546 2164 cum
565 2097 720 2164 uolumus
735 2095 881 2163 inuenire
898 2094 983 2162 duas
999 2093 1199 2162 differentias
1218 2096 1303 2162 inter
1326 2105 1393 2160 tres
1412 2091 1550 2182 quadra·

471 2236 522 2292 toa
546 2244 721 2299 numeros,
743 2244 885 2312 quarum
908 2224 1076 2312 propertio
1097 2225 1140 2290 sit
1162 2225 1248 2291 sicut
1269 2223 1336 2290 duo
1351 2221 1483 2288 numeri
1498 2220 1552 2286 im·

472 2373 567 2441 pares
590 2350 813 2425 collaterales,
836 2361 874 2416 ut
896 2347 1066 2425 dicamus,
1088 2350 1183 2416 sicut.
1207 2354 1261 2416 ll.
1285 2348 1400 2417 estad
1425 2349 1480 2414 ta.
1500 2354 1553 2415 Ac

472 2481 631 2568 cipiemus
654 2481 739 2545 inter
772 2499 866 2565 pares
898 2475 1078 2566 quadratos
1100 2477 1291 2552 continues,
1323 2496 1470 2565 quorum
1493 2493 1554 2540 me·

472 2603 589 2672 dianus
611 2602 794 2692 quadratus
826 2600 926 2667 addat
957 2621 1056 2688 super
1088 2601 1332 2669 antecedentem
1355 2601 1553 2692 quadratum

471 2750 594 2818 parem.
618 2731 672 2796 ll.
691 2729 927 2818 quaternarios.
950 2728 1014 2806 Qui
1033 2740 1099 2795 tres
1115 2730 1269 2817 quadrati
1287 2731 1334 2795 ita
1351 2739 1493 2816 possunt
1510 2729 1555 2793 in·

475 2857 591 2942 uenirj.
609 2854 788 2923 Adduntur.
807 2859 859 2922 ll.
880 2875 966 2922 cum.
992 2858 1051 2932 l3‚
1072 2867 1179 2922 erunt.
1194 2856 1264 2932 at„
1282 2875 1427 2945 quorum
1441 2863 1558 2944 quarta

473 3002 550 3070 pars
572 2981 806 3071 multiplicetur
829 3004 896 3071 per.
920 2986 962 3059 2,
985 2983 1108 3051 scilicet
1127 3003 1186 3072 per
1207 2983 1353 3052 radicem
1376 2983 1477 3071 primj
1502 3002 1556 3071 pa-

471 3109 516 3175 ris
538 3108 712 3197 quadrati,
734 3109 795 3176 erit
831 3110 884 3176 tt.
907 3111 964 3199 qui
987 3122 1066 3178 sunt
1087 3109 1180 3176 radix
1203 3111 1343 3199 medianj
1378 3110 1557 3201 quadrati,

472 3248 504 3303 et
529 3238 571 3302 to
595 3237 657 3302 erit
680 3235 772 3302 radix
794 3238 889 3325 primj
912 3239 1088 3326 quadratj.
1111 3249 1145 3305 et
1167 3240 1211 3304 ll
1232 3241 1295 3307 erit
1317 3239 1413 3306 radix
1444 3257 1558 3306 secun·

472 3363 505 3429 di
530 3362 694 3451 quadrati.
719 3383 893 3450 possumus
914 3366 1012 3430 etiam
1033 3363 1097 3430 hoc
1112 3364 1198 3431 idem
1213 3367 1362 3434 inuenire
1380 3368 1466 3433 inter
1481 3386 1560 3455 qua·

472 3489 607 3566 drutus,
629 3491 687 3577 qui
712 3487 794 3554 fiunt
816 3495 835 3552 a
857 3490 1003 3554 numeris
1024 3490 1276 3558 ascendentibus
1291 3513 1351 3580 per
1366 3494 1559 3560 ternarium.

472 3615 567 3681 l'urhi
590 3616 717 3703 gratia,
740 3615 896 3680 uolumus
910 3616 1057 3684 inuenire
1073 3615 1157 3684 duas
1175 3618 1376 3688 differentias
1392 3623 1482 3690 iuter
1497 3632 1561 3688 tres

471 3741 650 3831 quadratos
673 3762 847 3816 numeros,
870 3764 1010 3832 quarum
1033 3748 1201 3834 proportio
1234 3748 1276 3814 sit
1309 3750 1396 3816 sicut
1434 3753 1492 3817 lll.
1512 3760 1560 3818 est

469 3868 589 3937 adil.
613 3870 768 3957 quisunt
792 3870 994 3939 collaterales
1018 3874 1180 3960 impuras,
1204 3874 1376 3943 addemus.
1399 3879 1456 3944 l9.
1473 3877 1560 3963 lcum

473 3998 537 4063 at.
561 4007 593 4062 et
618 3997 671 4061 ll).
694 4017 759 4084 que
780 3998 992 4083 proueniunt.
1015 3997 1201 4066 diuidemus
1222 4022 1281 4088 per
1304 4003 1335 4067 l.
1352 4015 1386 4068 et
1403 4006 1471 4079 tlt,
1497 4024 1560 4092 que

472 4121 547 4189 inde
558 4122 754 4210 proueniunt
769 4123 1059 4211 multiplicabimus
1072 4126 1178 4212 per3.
1196 4128 1318 4195 scilieet
1336 4150 1396 4216 per
1412 4129 1559 4198 radicem

471 4249 567 4335 primj
579 4246 731 4335 quadrat]¹
745 4248 846 4335 iusim
857 4247 990 4319 ordinis,
1001 4263 1097 4317 eruut
1108 4254 1187 4327 tte..
1199 4276 1264 4342 que
1275 4270 1372 4323 erunt
1385 4258 1483 4325 radix
1495 4280 1560 4325 me

471 4370 559 4459 dianj
574 4373 739 4461 quadratj.
755 4374 864 4451 Quare
882 4373 973 4441 radix
986 4378 1120 4443 minoris
1133 4378 1288 4466 quadrati
1298 4386 1372 4449 erit.
1384 4386 1442 4459 at,
1458 4398 1493 4454 et
1509 4405 1559 4452 ra-

471 4495 525 4561 dtr
538 4499 669 4565 nutrieris
680 4501 752 4565 erit.
763 4501 817 4565 33.
829 4500 910 4563 Nam
922 4502 1104 4587 quadratus
1113 4506 1171 4591 qui
1184 4504 1219 4569 tt
1231 4512 1252 4572 a
1263 4510 1330 4575 3⁰..
1341 4512 1469 4580 scilicet
1479 4514 1554 4579 900.

471 4620 560 4689 addit
577 4642 674 4711 ιιιριι·
688 4623 884 4713 quadratum
901 4624 1009 4715 quislit
1025 4624 1067 4692 ad
1084 4628 1137 4697 et.
1153 4632 1485 4727 scilieet-superii&
1497 4660 1555 4707 no·
