4175 5792
467 710 489 775 6

467 877 570 946 quare
589 868 658 924 tota
674 855 898 945 superficieso
917 866 928 921 t
946 856 1016 921 erit.
1032 873 1098 920 xrrr.
1115 863 1264 933 tantum;
1288 851 1345 920 sed
1368 848 1563 938 superficies

467 995 598 1051 otest.
626 1003 680 1051 ιιι.
704 985 775 1051 Νοιι
796 1002 874 1072 ergo
897 980 989 1048 radix
1012 1003 1032 1049 c
1056 983 1074 1046 b
1096 991 1145 1047 est
1167 1001 1325 1047 numerus
1347 979 1480 1066 integer.

535 1111 688 1179 Similiter
713 1109 903 1180 ostendetur
929 1110 1017 1201 quod
1050 1130 1206 1178 numerus
1233 1129 1254 1173 c
1282 1110 1300 1173 b
1324 1126 1389 1173 non
1417 1115 1466 1172 est
1494 1104 1563 1171 fra·

466 1247 548 1304 ctus.
570 1238 602 1303 Si
620 1237 742 1305 fractus
764 1239 849 1306 enim
871 1250 920 1306 est
938 1258 1095 1305 numerus
1110 1259 1131 1305 o
1147 1240 1179 1314 b,
1202 1257 1279 1304 cum
1298 1234 1471 1304 cubicatus
1490 1232 1559 1325 (sic)

468 1364 680 1453 egrediuntur
690 1387 730 1432 ex
743 1364 797 1430 illa
816 1363 1023 1432 cubicatione
1040 1365 1228 1442 fractiones,
1247 1375 1281 1432 et
1296 1364 1471 1431 fractiones
1494 1362 1562 1430 fra·

467 1492 598 1569 ctionis,
634 1502 667 1559 et
702 1492 875 1559 fractiones
909 1491 1075 1558 fractionis
1098 1491 1280 1564 fractionis,
1309 1501 1343 1558 et
1371 1511 1448 1557 cum
1475 1490 1561 1556 mul-

468 1617 634 1705 tiplicatur
657 1617 690 1681 in
704 1637 739 1683 se
761 1638 918 1684 numerus
941 1640 962 1685 o
986 1620 1019 1694 l,
1042 1619 1069 1683 si
1092 1629 1142 1684 est
1164 1618 1302 1693 fractus,
1327 1614 1494 1705 egreditur
1516 1635 1560 1682 ex

467 1741 568 1831 duplo
589 1743 867 1832 multiplicationis
882 1744 953 1812 eius
976 1743 1091 1811 fractio
1116 1744 1295 1821 fractionis,
1314 1743 1367 1811 uel
1383 1743 1562 1810 fractiones

468 1867 643 1937 fractionis.
668 1873 807 1939 Etcum
842 1872 1080 1960 multiplicatur
1113 1870 1199 1938 idem
1233 1891 1389 1938 numerus
1418 1880 1560 1956 ruptus,

466 1995 669 2063 scilicetne
692 1998 725 2065 in
749 2002 766 2063 l
788 2022 830 2083 ρ,
854 2000 977 2067 scilicet
999 2002 1042 2066 in.
1065 2023 1118 2077 ιι,
1140 1999 1325 2089 egredietur
1358 1997 1562 2087 quandoque

465 2123 581 2191 fractio
599 2126 651 2192 uel
671 2125 845 2194 fractiones
863 2139 1004 2204 tanturn,
1023 2140 1056 2195 et
1068 2125 1267 2217 quandoque
1288 2125 1482 2215 egredietur·
1496 2144 1560 2189 nu-

467 2274 577 2319 merus
604 2254 728 2344 integer
749 2276 789 2322 ex
808 2257 878 2344 ipsa
903 2257 1183 2344 multiplicatione.
1206 2254 1288 2321 Cum
1312 2255 1424 2342 itaque
1447 2252 1561 2318 multi-

467 2380 645 2467 plicatura
666 2386 684 2447 o
703 2383 735 2448 in
754 2386 772 2448 b
790 2407 808 2467 ρ
829 2386 979 2472 prouenit
998 2405 1153 2450 numerus
1174 2386 1191 2449 b
1211 2387 1240 2449 d.
1264 2383 1306 2448 Et
1327 2402 1402 2448 curn
1424 2380 1561 2448 cubica-

465 2516 520 2573 tur
539 2529 695 2576 numerus
710 2532 732 2575 o
752 2512 769 2575 l
788 2512 939 2597 prouenit
958 2531 1115 2577 numerus
1135 2513 1201 2577 oz.
1221 2511 1262 2575 Et
1277 2529 1353 2576 cum
1368 2507 1560 2596 duplicatur

466 2635 693 2723 multiplicatio
716 2638 842 2703 numeri
862 2658 883 2703 o
907 2640 924 2703 l
948 2638 1017 2704 inse
1037 2636 1189 2725 prouenit
1211 2657 1368 2703 numerus
1390 2657 1406 2701 c
1430 2647 1451 2702 t.
1468 2636 1558 2723 Ergo

466 2762 493 2827 si
516 2762 638 2831 fractus
654 2775 703 2831 est
722 2786 914 2832 numeruso
933 2769 968 2842 b,
985 2765 1129 2832 occurrit
1150 2763 1348 2854 quandoque
1367 2763 1399 2829 in
1416 2782 1557 2829 numero

467 2892 484 2955 ὸ
507 2891 664 2962 directio
687 2893 812 2982 aliqua,
834 2894 888 2960 uel
912 2893 1084 2960 fractiones
1108 2902 1250 2969 tantum,
1279 2902 1312 2959 et
1350 2892 1382 2957 in
1415 2911 1555 2958 numero

465 3021 598 3111 quidem
623 3024 676 3087 br
700 3033 877 3091 occurrunt
900 3021 1091 3095 fractiones.
1114 3032 1148 3088 et
1171 3021 1344 3088 fractiones
1365 3021 1554 3097 fractionis,

465 3160 498 3218 et
521 3150 696 3217 fractiones
719 3150 885 3217 fractionis
907 3150 1088 3225 fractionis,
1126 3159 1158 3215 et
1185 3149 1218 3214 in
1250 3168 1387 3215 numero
1420 3167 1555 3237 quoque

464 3287 714 3344 ctoccurrunt
744 3276 917 3344 fractiones
946 3288 978 3343 et
1002 3276 1175 3342 fractiones
1211 3273 1378 3341 fractionis
1412 3282 1553 3339 tantum.

464 3403 554 3470 Vnde
569 3405 595 3470 si
613 3404 854 3493 coniungantur
873 3404 1047 3471 fractiones
1061 3426 1126 3494 que
1141 3416 1218 3471 sunt
1236 3405 1268 3469 in
1287 3401 1430 3469 numeris
1446 3403 1463 3464 o
1481 3402 1502 3464 d
1519 3412 1554 3466 et

465 3532 519 3595 oz
541 3541 572 3596 ct
595 3552 613 3595 z
632 3534 659 3605 i,
682 3552 850 3620 nunquam
875 3553 914 3598 ex
936 3533 1081 3621 ipsorum
1106 3530 1332 3600 coniunctione
1354 3527 1473 3616 poterit
1489 3548 1552 3592 nu·

466 3679 575 3724 merus
592 3658 715 3746 integer
735 3659 908 3746 procreari.
931 3661 1039 3738 Quare
1055 3660 1080 3726 si
1097 3659 1219 3725 fractus
1241 3668 1290 3724 est
1308 3676 1464 3723 numerus
1479 3677 1499 3723 a
1516 3658 1550 3732 lt,

465 3783 587 3850 fractus
605 3783 667 3850 erit
682 3805 838 3852 numerus
856 3787 876 3851 d
898 3790 921 3861 i,
937 3786 993 3874 qui
1010 3796 1068 3851 est.
1080 3807 1132 3850 xx.
1145 3782 1232 3874 quod
1248 3793 1297 3850 est
1309 3782 1539 3849 inconuenieus

463 3912 504 3976 lit
519 3911 544 3976 si
558 3931 714 3977 numerus
726 3914 743 3975 lt
756 3915 776 3976 ri
787 3922 836 3978 est
847 3913 916 3979 sine
927 3912 1094 3985 fractione,
1111 3909 1254 3999 reliquus
1266 3912 1283 3976 ὁ
1296 3922 1308 3977 t
1323 3910 1385 3977 erit
1399 3909 1550 3976 similiter

464 4041 532 4107 sine
544 4039 711 4114 fractione,
723 4059 799 4105 cum
820 4050 908 4105 totus
920 4059 1108 4105 numeruso
1125 4042 1137 4102 i
1155 4037 1207 4103 sit.
1220 4060 1282 4107 xx..
1294 4036 1383 4128 quod
1395 4056 1459 4102 non
1476 4054 1553 4124 pro-

466 4168 573 4234 ueniet
590 4186 666 4232 oum
686 4166 718 4231 in
735 4186 871 4232 numero
886 4188 902 4231 e
920 4177 931 4230 t
949 4165 1014 4231 sint
1032 4163 1221 4241 fractiones,
1237 4176 1270 4232 et
1288 4165 1462 4232 fractiones
1485 4162 1552 4229 fra-

469 4294 599 4370 ctionis,
611 4305 643 4361 et
658 4294 688 4358 in
701 4294 867 4359 numerob
881 4292 974 4357 esint
989 4291 1175 4370 fractiones,
1191 4305 1224 4360 et
1235 4294 1408 4360 fractiones
1418 4291 1551 4358 fractio-

467 4421 530 4496 nis,
548 4432 580 4487 et
597 4422 771 4489 fractiones
788 4418 953 4485 fractionis
975 4417 1150 4489 fractionis.
1174 4422 1244 4489 Non
1266 4439 1343 4508 ergo
1365 4418 1488 4485 fractus
1499 4431 1550 4487 est

465 4571 620 4617 numerus
643 4574 662 4617 o
686 4553 724 4625 b,
749 4569 853 4637 neque
875 4548 1008 4637 integer.
