4175 5792
487 709 530 773 28

487 871 545 940 pro
569 851 720 937 bizantiJs
739 850 856 924 burse,
879 859 911 915 et
934 848 1010 937 quia
1035 849 1150 914 tertius
1175 845 1273 912 homo
1297 843 1395 911 habet
1416 842 1575 909 medieta-

485 991 551 1047 tem
574 978 674 1045 burse
698 978 806 1044 minus
828 975 1001 1043 medietate
1023 974 1159 1064 dragma
1181 986 1214 1042 et
1236 995 1270 1041 re
1292 995 1372 1049 una,
1392 973 1418 1038 si
1442 970 1485 1037 de
1508 992 1579 1037 me-

483 1107 605 1175 dietate
623 1106 743 1183 burse,
766 1104 889 1172 scilicet
908 1102 949 1170 de
968 1105 982 1182 ¹,
1000 1105 1041 1176 5,
1059 1101 1226 1169 auferatur
1242 1122 1294 1169 res
1311 1121 1378 1166 una
1399 1110 1433 1165 et
1452 1096 1575 1166 medie·

484 1245 535 1300 tas
556 1233 706 1324 dragma,
737 1232 860 1301 scilicet
883 1231 899 1311 l
923 1233 963 1309 i,
983 1229 1163 1298 remanebit
1182 1228 1277 1296 biz.t
1304 1247 1364 1318 pro
1387 1227 1575 1317 quantitate

483 1362 567 1449 tertij
585 1361 735 1429 hominis.
752 1363 876 1427 Rursus
888 1362 966 1450 quia
977 1371 1116 1448 quartus
1132 1358 1231 1425 homo
1251 1355 1380 1438 habet}
1403 1356 1503 1423 unius
1525 1356 1571 1421 rei

433 1485 440 1496 ’
481 1500 514 1556 et
538 1488 746 1556 medietatem
780 1488 877 1554 unius
910 1487 1044 1574 dragme
1081 1485 1190 1551 minus
1222 1495 1313 1552 sexta
1346 1493 1439 1571 parte
1472 1481 1573 1547 unius

480 1614 593 1689 hursc,
609 1615 636 1681 si
652 1614 693 1682 de
710 1619 727 1697 ξ
743 1615 840 1683 unius
859 1615 903 1701 rei
919 1624 952 1680 et
974 1612 1015 1681 de
1034 1611 1207 1680 medietate
1223 1613 1320 1678 unius
1334 1610 1483 1699 dragme,
1508 1610 1572 1675 sci-

481 1742 556 1810 licet
575 1741 615 1808 de
632 1735 704 1822 5⁸5,
719 1742 887 1809 auferatur·
910 1752 1001 1808 serta
1018 1741 1117 1807 unius
1141 1740 1255 1815 barse,
1278 1739 1399 1806 scilicet
1419 1738 1481 1805 biz.
1498 1741 1515 1818 ξ,
1534 1741 1546 1803 l
1564 1791 1570 1809 ‚

481 1870 696 1938 remanebunt
721 1870 740 1934 l
762 1890 822 1960 pro
847 1870 998 1956 bizantijs
1021 1868 1130 1958 quarti
1154 1866 1304 1933 hominis.

901 2127 947 2191 Dc
971 2131 1078 2191 eudem
1100 2147 1144 2190 re.

545 2382 647 2447 Suras
664 2381 787 2448 similes
801 2379 934 2469 quidem
953 2392 1097 2470 quatuor
1116 2378 1286 2446 hominum
1305 2379 1515 2468 questiones,
1536 2379 1566 2443 in

476 2507 598 2596 quibus
633 2508 823 2597 multiplicia
855 2529 921 2597 que
953 2505 1076 2574 habent
1103 2527 1179 2574 cum
1203 2506 1302 2573 bursa
1336 2516 1504 2595 ponuntur
1525 2527 1566 2573 ex

474 2634 588 2702 ordine
610 2655 709 2722 super
722 2636 954 2724 quantitatem,
970 2656 1071 2724 quam
1091 2631 1213 2702 habent
1233 2656 1332 2724 super
1353 2634 1436 2701 duos
1459 2634 1565 2701 homi-

469 2781 526 2829 nes
542 2759 603 2827 sibi
620 2761 759 2829 inuicem
775 2772 961 2850 sequentes,
975 2764 1084 2830 inueni
1101 2761 1186 2830 hanc
1197 2763 1395 2851 generalem,
1411 2761 1565 2830 uidelicet

475 2899 511 2955 ut
530 2908 589 2976 pro
612 2887 722 2956 radice
739 2890 931 2979 quantitatis
949 2891 1083 2958 secundi
1104 2888 1244 2958 hominis
1269 2888 1451 2959 habeantur
1474 2893 1509 2966 2,
1532 2901 1565 2958 et

473 3037 533 3107 pro
544 3017 654 3085 radice
668 3016 767 3086 bursa
780 3017 941 3086 habeatur
958 3020 992 3094 l,
1007 3017 1125 3086 deinde
1141 3039 1298 3085 numerus
1311 3017 1563 3107 multiplicitatis

471 3145 569 3235 primi
590 3155 623 3213 et
646 3145 744 3213 burse
765 3167 865 3236 quam
900 3145 1022 3214 habent
1044 3168 1144 3235 super
1166 3146 1344 3214 secundum
1369 3112 1401 3214 et
1427 3146 1559 3212 tertium

472 3269 658 3346 bominem,
678 3271 819 3340 addatur
835 3294 934 3363 super
949 3271 1093 3339 radicem
1109 3270 1244 3339 secundi
1256 3269 1427 3347 hominis,
1449 3282 1483 3337 et
1503 3270 1563 3339 ha-

471 3397 603 3466 bebitur
625 3400 792 3488 quantitas
815 3400 905 3476 eius,
927 3410 959 3467 et
977 3409 1117 3487 quartus
1136 3397 1236 3465 bomo
1251 3395 1385 3463 habebit
1402 3394 1560 3473 totidem,

469 3534 502 3591 et
526 3502 639 3592 tertius
654 3523 753 3593 homo
772 3524 907 3593 habebit
924 3546 1054 3614 semper
1076 3529 1087 3592 l
1108 3577 1115 3599 ,
1134 3535 1166 3592 et
1183 3524 1330 3592 debitum
1348 3521 1443 3609 primi
1458 3522 1522 3588 erit
1540 3526 1554 3590 l

468 3671 607 3739 semper.
623 3650 745 3718 Deinde
755 3662 836 3739 quot
847 3652 990 3720 unitates
1004 3663 1081 3719 sunt
1098 3653 1130 3719 in
1146 3650 1384 3738 multiplicitate
1396 3648 1560 3736 predicta,

471 3786 519 3842 tot
537 3795 691 3844 numeros
706 3798 822 3866 pares,
838 3780 857 3845 a
872 3781 1083 3868 quaternario
1102 3776 1286 3868 incipiendo
1302 3828 1309 3853 ,
1334 3775 1499 3844 addantur
1516 3778 1560 3843 si-

468 3902 535 3970 mul
559 3925 600 3969 ex
617 3902 750 3980 ordine,
773 3915 805 3970 et
820 3917 901 3994 quot
920 3906 995 3974 inde
1013 3906 1205 3995 proueniant
1224 3903 1366 3972 addatur
1387 3927 1487 3994 super
1505 3927 1558 3973 ra-

468 4029 575 4099 dicem
593 4030 707 4108 burso,
723 4033 846 4103 scilicet
860 4056 959 4125 super
976 4039 1009 4112 l‘,
1025 4046 1059 4102 et
1074 4033 1249 4102 habebitur
1264 4034 1431 4125 quantitas
1446 4034 1555 4102 burse.

465 4155 561 4224 Verbi
574 4160 693 4250 gratia:
708 4157 827 4228 haheat
840 4162 964 4250 primus
976 4183 1053 4230 cum
1069 4161 1169 4228 bursa
1183 4160 1406 4250 quadruplum
1418 4160 1556 4228 secundi

399 4278 408 4291 “
463 4292 495 4347 ct
514 4286 617 4374 tertij3
640 4284 805 4353 secundus
822 4307 901 4354 uero
912 4287 1033 4356 babeat
1048 4288 1264 4378 quincuplum
1282 4289 1366 4376 tertij
1383 4299 1416 4356 et
1430 4288 1553 4377 quarti.

438 4477 442 4482 ,
464 4404 587 4477 Tertius
609 4434 752 4504 namque
767 4415 958 4505 sexcuplum
975 4415 1095 4483 habeat
1113 4417 1222 4505 quarti
1235 4426 1266 4484 et
1282 4416 1387 4504 primi.
1407 4415 1553 4493 Quartus
1588 4436 1645 4488 ,μ’

463 4531 594 4624 quoque
623 4536 742 4610 haheat
772 4563 848 4609 cum
885 4542 985 4613 bursa
1017 4543 1204 4632 septuplum
1229 4541 1325 4630 primi
1348 4550 1381 4606 et
1402 4540 1548 4609 secundi.
