<?xml version="1.0" encoding="UTF-8"?>
<!DOCTYPE html PUBLIC "-//W3C//DTD XHTML 1.0 Transitional//EN"
    "http://www.w3.org/TR/xhtml1/DTD/xhtml1-transitional.dtd">
<html xmlns="http://www.w3.org/1999/xhtml" xml:lang="en" lang="en">
 <head>
  <title>
</title>
<meta http-equiv="Content-Type" content="text/html;charset=utf-8" />
  <meta name='ocr-system' content='tesseract 3.04.00' />
  <meta name='ocr-capabilities' content='ocr_page ocr_carea ocr_par ocr_line ocrx_word'/>
</head>
<body>
  <div class='ocr_page' id='page_1' title='image "./opuscolidileona00fibogoog/opuscolidileona00fibogoog_0098.png"; bbox 0 0 4175 5792; ppageno 0'>
   <div class='ocr_carea' id='block_1_1' title="bbox 505 721 1602 2738">
    <p class='ocr_par' dir='ltr' id='par_1_1' title="bbox 508 721 550 784">
     <span class='ocr_line' id='line_1_1' title="bbox 508 721 550 784; baseline 0 0"><span class='ocrx_word' id='word_1_1' title='bbox 508 721 550 784; x_wconf 89' lang='grc'><strong>68</strong></span> 
     </span>
    </p>

    <p class='ocr_par' dir='ltr' id='par_1_2' title="bbox 505 864 1602 2738">
     <span class='ocr_line' id='line_1_2' title="bbox 509 864 1600 955; baseline -0.002 -22"><span class='ocrx_word' id='word_1_2' title='bbox 509 888 549 933; x_wconf 87' lang='lat' dir='ltr'><strong>ex</strong></span> <span class='ocrx_word' id='word_1_3' title='bbox 571 864 840 954; x_wconf 81' lang='lat' dir='ltr'><strong>multiplicatione</strong></span> <span class='ocrx_word' id='word_1_4' title='bbox 862 864 1037 955; x_wconf 88' lang='lat' dir='ltr'><strong>quadrati,</strong></span> <span class='ocrx_word' id='word_1_5' title='bbox 1062 867 1118 954; x_wconf 95' lang='lat' dir='ltr'><strong>qui</strong></span> <span class='ocrx_word' id='word_1_6' title='bbox 1143 865 1179 932; x_wconf 87' lang='lat' dir='ltr'><strong>lit</strong></span> <span class='ocrx_word' id='word_1_7' title='bbox 1203 866 1246 932; x_wconf 92' lang='lat' dir='ltr'><strong>ab</strong></span> <span class='ocrx_word' id='word_1_8' title='bbox 1271 887 1316 942; x_wconf 87' lang='lat' dir='ltr'><strong>u,</strong></span> <span class='ocrx_word' id='word_1_9' title='bbox 1339 866 1372 931; x_wconf 92' lang='lat' dir='ltr'><strong>in</strong></span> <span class='ocrx_word' id='word_1_10' title='bbox 1396 865 1600 954; x_wconf 89' lang='lat' dir='ltr'><strong>quadratum</strong></span> 
     </span>
     <span class='ocr_line' id='line_1_3' title="bbox 507 989 1601 1084; baseline -0.005 -24"><span class='ocrx_word' id='word_1_11' title='bbox 507 994 564 1084; x_wconf 92' lang='lat' dir='ltr'><strong>qui</strong></span> <span class='ocrx_word' id='word_1_12' title='bbox 587 992 624 1059; x_wconf 87' lang='lat' dir='ltr'><strong>lit</strong></span> <span class='ocrx_word' id='word_1_13' title='bbox 647 997 667 1060; x_wconf 78' lang='lat' dir='ltr'><strong>a</strong></span> <span class='ocrx_word' id='word_1_14' title='bbox 688 1013 825 1062; x_wconf 89' lang='lat' dir='ltr'><strong>numero</strong></span> <span class='ocrx_word' id='word_1_15' title='bbox 849 1015 890 1080; x_wconf 80' lang='lat' dir='ltr'><strong>p,</strong></span> <span class='ocrx_word' id='word_1_16' title='bbox 927 993 989 1059; x_wconf 86' lang='lat' dir='ltr'><strong>erit</strong></span> <span class='ocrx_word' id='word_1_17' title='bbox 1012 1011 1090 1080; x_wconf 83' lang='lat' dir='ltr'><strong>crgo</strong></span> <span class='ocrx_word' id='word_1_18' title='bbox 1113 997 1135 1057; x_wconf 81' lang='lat' dir='ltr'><strong>tt</strong></span> <span class='ocrx_word' id='word_1_19' title='bbox 1156 994 1168 1056; x_wconf 88' lang='lat' dir='ltr'><strong>i</strong></span> <span class='ocrx_word' id='word_1_20' title='bbox 1193 991 1225 1056; x_wconf 91' lang='lat' dir='ltr'><strong>id</strong></span> <span class='ocrx_word' id='word_1_21' title='bbox 1249 990 1337 1080; x_wconf 92' lang='lat' dir='ltr'><strong>quod</strong></span> <span class='ocrx_word' id='word_1_22' title='bbox 1368 989 1537 1078; x_wconf 83' lang='lat' dir='ltr'><strong>egreditur</strong></span> <span class='ocrx_word' id='word_1_23' title='bbox 1561 1010 1601 1054; x_wconf 85' lang='lat' dir='ltr'><strong>er</strong></span> 
     </span>
     <span class='ocr_line' id='line_1_4' title="bbox 508 1117 1601 1212; baseline -0.005 -26"><span class='ocrx_word' id='word_1_24' title='bbox 508 1121 779 1212; x_wconf 76' lang='lat' dir='ltr'><strong>multiplicatione</strong></span> <span class='ocrx_word' id='word_1_25' title='bbox 800 1120 953 1209; x_wconf 87' lang='lat' dir='ltr'><strong>quadrati</strong></span> <span class='ocrx_word' id='word_1_26' title='bbox 976 1121 1033 1209; x_wconf 94' lang='lat' dir='ltr'><strong>qui</strong></span> <span class='ocrx_word' id='word_1_27' title='bbox 1057 1119 1094 1184; x_wconf 90' lang='lat' dir='ltr'><strong>lit</strong></span> <span class='ocrx_word' id='word_1_28' title='bbox 1119 1125 1139 1186; x_wconf 80' lang='lat' dir='ltr'><strong>a</strong></span> <span class='ocrx_word' id='word_1_29' title='bbox 1161 1139 1298 1187; x_wconf 90' lang='lat' dir='ltr'><strong>numero</strong></span> <span class='ocrx_word' id='word_1_30' title='bbox 1327 1139 1349 1184; x_wconf 87' lang='lat' dir='ltr'><strong>u</strong></span> <span class='ocrx_word' id='word_1_31' title='bbox 1380 1118 1412 1183; x_wconf 93' lang='lat' dir='ltr'><strong>iu</strong></span> <span class='ocrx_word' id='word_1_32' title='bbox 1442 1136 1520 1184; x_wconf 89' lang='lat' dir='ltr'><strong>eum</strong></span> <span class='ocrx_word' id='word_1_33' title='bbox 1542 1117 1601 1205; x_wconf 92' lang='lat' dir='ltr'><strong>qni</strong></span> 
     </span>
     <span class='ocr_line' id='line_1_5' title="bbox 506 1243 1601 1335; baseline -0.001 -22"><span class='ocrx_word' id='word_1_34' title='bbox 506 1246 543 1314; x_wconf 86' lang='lat' dir='ltr'><strong>lit</strong></span> <span class='ocrx_word' id='word_1_35' title='bbox 566 1255 586 1316; x_wconf 80' lang='lat' dir='ltr'><strong>a</strong></span> <span class='ocrx_word' id='word_1_36' title='bbox 609 1269 746 1316; x_wconf 89' lang='lat' dir='ltr'><strong>numero</strong></span> <span class='ocrx_word' id='word_1_37' title='bbox 768 1248 797 1313; x_wconf 85' lang='lat' dir='ltr'><strong>d.</strong></span> <span class='ocrx_word' id='word_1_38' title='bbox 822 1247 906 1314; x_wconf 90' lang='lat' dir='ltr'><strong>Item</strong></span> <span class='ocrx_word' id='word_1_39' title='bbox 928 1250 940 1312; x_wconf 84' lang='lat' dir='ltr'><strong>i</strong></span> <span class='ocrx_word' id='word_1_40' title='bbox 962 1269 980 1312; x_wconf 87' lang='lat' dir='ltr'><strong>r</strong></span> <span class='ocrx_word' id='word_1_41' title='bbox 1003 1247 1045 1313; x_wconf 92' lang='lat' dir='ltr'><strong>sit</strong></span> <span class='ocrx_word' id='word_1_42' title='bbox 1070 1246 1296 1334; x_wconf 82' lang='lat' dir='ltr'><strong>multiplicatio</strong></span> <span class='ocrx_word' id='word_1_43' title='bbox 1319 1248 1412 1316; x_wconf 88' lang='lat' dir='ltr'><strong>eius,</strong></span> <span class='ocrx_word' id='word_1_44' title='bbox 1437 1247 1497 1335; x_wconf 92' lang='lat' dir='ltr'><strong>qui</strong></span> <span class='ocrx_word' id='word_1_45' title='bbox 1519 1243 1557 1310; x_wconf 87' lang='lat' dir='ltr'><strong>lit</strong></span> <span class='ocrx_word' id='word_1_46' title='bbox 1581 1247 1601 1312; x_wconf 76' lang='lat' dir='ltr'><strong>a</strong></span> 
     </span>
     <span class='ocr_line' id='line_1_6' title="bbox 508 1371 1601 1463; baseline -0.004 -22"><span class='ocrx_word' id='word_1_47' title='bbox 508 1396 644 1443; x_wconf 90' lang='lat' dir='ltr'><strong>numero</strong></span> <span class='ocrx_word' id='word_1_48' title='bbox 668 1380 705 1453; x_wconf 84' lang='lat' dir='ltr'><strong>o,</strong></span> <span class='ocrx_word' id='word_1_49' title='bbox 732 1377 765 1442; x_wconf 93' lang='lat' dir='ltr'><strong>in</strong></span> <span class='ocrx_word' id='word_1_50' title='bbox 783 1397 881 1452; x_wconf 86' lang='lat' dir='ltr'><strong>eum,</strong></span> <span class='ocrx_word' id='word_1_51' title='bbox 904 1377 961 1463; x_wconf 89' lang='lat' dir='ltr'><strong>qui</strong></span> <span class='ocrx_word' id='word_1_52' title='bbox 985 1373 1022 1440; x_wconf 80' lang='lat' dir='ltr'><strong>fir</strong></span> <span class='ocrx_word' id='word_1_53' title='bbox 1043 1377 1064 1441; x_wconf 76' lang='lat' dir='ltr'><strong>a</strong></span> <span class='ocrx_word' id='word_1_54' title='bbox 1087 1393 1223 1441; x_wconf 91' lang='lat' dir='ltr'><strong>numero</strong></span> <span class='ocrx_word' id='word_1_55' title='bbox 1245 1394 1287 1459; x_wconf 80' lang='lat'><strong>9,</strong></span> <span class='ocrx_word' id='word_1_56' title='bbox 1313 1371 1500 1439; x_wconf 78' lang='lat' dir='ltr'><strong>remanebit</strong></span> <span class='ocrx_word' id='word_1_57' title='bbox 1522 1391 1601 1459; x_wconf 83' lang='lat' dir='ltr'><strong>ergo</strong></span> 
     </span>
     <span class='ocr_line' id='line_1_7' title="bbox 505 1498 1602 1590; baseline 0.004 -24"><span class='ocrx_word' id='word_1_58' title='bbox 505 1523 524 1566; x_wconf 86' lang='lat' dir='ltr'><strong>r</strong></span> <span class='ocrx_word' id='word_1_59' title='bbox 544 1502 565 1588; x_wconf 77' lang='lat' dir='ltr'><strong><em>s</em></strong></span> <span class='ocrx_word' id='word_1_60' title='bbox 579 1502 659 1570; x_wconf 91' lang='lat' dir='ltr'><strong>illud</strong></span> <span class='ocrx_word' id='word_1_61' title='bbox 681 1501 771 1590; x_wconf 91' lang='lat' dir='ltr'><strong>quod</strong></span> <span class='ocrx_word' id='word_1_62' title='bbox 793 1500 829 1568; x_wconf 84' lang='lat' dir='ltr'><strong>fit</strong></span> <span class='ocrx_word' id='word_1_63' title='bbox 851 1523 892 1570; x_wconf 84' lang='lat' dir='ltr'><strong>ex</strong></span> <span class='ocrx_word' id='word_1_64' title='bbox 913 1502 1014 1569; x_wconf 90' lang='lat' dir='ltr'><strong>ductu</strong></span> <span class='ocrx_word' id='word_1_65' title='bbox 1033 1501 1211 1590; x_wconf 86' lang='lat' dir='ltr'><strong>quadrati,</strong></span> <span class='ocrx_word' id='word_1_66' title='bbox 1234 1500 1290 1589; x_wconf 92' lang='lat' dir='ltr'><strong>qui</strong></span> <span class='ocrx_word' id='word_1_67' title='bbox 1311 1498 1349 1565; x_wconf 90' lang='lat' dir='ltr'><strong>fit</strong></span> <span class='ocrx_word' id='word_1_68' title='bbox 1366 1505 1386 1566; x_wconf 78' lang='lat' dir='ltr'><strong>a</strong></span> <span class='ocrx_word' id='word_1_69' title='bbox 1404 1518 1545 1566; x_wconf 86' lang='lat' dir='ltr'><strong>numero</strong></span> <span class='ocrx_word' id='word_1_70' title='bbox 1562 1501 1602 1571; x_wconf 79' lang='lat' dir='ltr'><strong>b,</strong></span> 
     </span>
     <span class='ocr_line' id='line_1_8' title="bbox 507 1627 1601 1716; baseline -0.002 -24"><span class='ocrx_word' id='word_1_71' title='bbox 507 1627 539 1692; x_wconf 92' lang='lat' dir='ltr'><strong>in</strong></span> <span class='ocrx_word' id='word_1_72' title='bbox 558 1649 635 1694; x_wconf 88' lang='lat' dir='ltr'><strong>eum</strong></span> <span class='ocrx_word' id='word_1_73' title='bbox 654 1629 711 1716; x_wconf 93' lang='lat' dir='ltr'><strong>qui</strong></span> <span class='ocrx_word' id='word_1_74' title='bbox 729 1628 764 1695; x_wconf 87' lang='lat' dir='ltr'><strong>lit</strong></span> <span class='ocrx_word' id='word_1_75' title='bbox 780 1633 798 1695; x_wconf 78' lang='lat' dir='ltr'><strong>a</strong></span> <span class='ocrx_word' id='word_1_76' title='bbox 817 1650 953 1697; x_wconf 88' lang='lat' dir='ltr'><strong>numero</strong></span> <span class='ocrx_word' id='word_1_77' title='bbox 968 1632 1008 1709; x_wconf 83' lang='lat' dir='ltr'><strong>tl;</strong></span> <span class='ocrx_word' id='word_1_78' title='bbox 1024 1629 1151 1694; x_wconf 87' lang='lat' dir='ltr'><strong>diuisus</strong></span> <span class='ocrx_word' id='word_1_79' title='bbox 1170 1638 1312 1715; x_wconf 78' lang='lat' dir='ltr'><strong>asterga</strong></span> <span class='ocrx_word' id='word_1_80' title='bbox 1331 1636 1420 1692; x_wconf 91' lang='lat' dir='ltr'><strong>totus</strong></span> <span class='ocrx_word' id='word_1_81' title='bbox 1440 1647 1601 1693; x_wconf 87' lang='lat' dir='ltr'><strong>numerus</strong></span> 
     </span>
     <span class='ocr_line' id='line_1_9' title="bbox 505 1755 1601 1846; baseline 0.001 -27"><span class='ocrx_word' id='word_1_82' title='bbox 505 1755 602 1841; x_wconf 78' lang='lat' dir='ltr'><strong>csiu</strong></span> <span class='ocrx_word' id='word_1_83' title='bbox 621 1761 687 1820; x_wconf 79' lang='lat' dir='ltr'><strong>nu⁰¹</strong></span> <span class='ocrx_word' id='word_1_84' title='bbox 703 1759 869 1832; x_wconf 85' lang='lat' dir='ltr'><strong>numeris,</strong></span> <span class='ocrx_word' id='word_1_85' title='bbox 891 1757 1040 1846; x_wconf 91' lang='lat' dir='ltr'><strong>quisunt</strong></span> <span class='ocrx_word' id='word_1_86' title='bbox 1058 1779 1074 1821; x_wconf 89' lang='lat' dir='ltr'><strong>c</strong></span> <span class='ocrx_word' id='word_1_87' title='bbox 1091 1757 1126 1832; x_wconf 81' lang='lat' dir='ltr'><strong>lt,</strong></span> <span class='ocrx_word' id='word_1_88' title='bbox 1149 1757 1213 1833; x_wconf 78' lang='lat' dir='ltr'><strong>iri,</strong></span> <span class='ocrx_word' id='word_1_89' title='bbox 1232 1761 1244 1822; x_wconf 77' lang='grc' dir='ltr'><strong>ι’</strong></span> <span class='ocrx_word' id='word_1_90' title='bbox 1263 1778 1295 1832; x_wconf 78' lang='lat' dir='ltr'><strong>r,</strong></span> <span class='ocrx_word' id='word_1_91' title='bbox 1314 1756 1378 1842; x_wconf 84' lang='lat' dir='ltr'><strong>rs,</strong></span> <span class='ocrx_word' id='word_1_92' title='bbox 1395 1764 1429 1820; x_wconf 93' lang='lat' dir='ltr'><strong>et</strong></span> <span class='ocrx_word' id='word_1_93' title='bbox 1448 1764 1500 1820; x_wconf 86' lang='lat' dir='ltr'><strong>est</strong></span> <span class='ocrx_word' id='word_1_94' title='bbox 1519 1775 1601 1843; x_wconf 90' lang='lat' dir='ltr'><strong>qua·</strong></span> 
     </span>
     <span class='ocr_line' id='line_1_10' title="bbox 506 1880 1601 1974; baseline 0.003 -28"><span class='ocrx_word' id='word_1_95' title='bbox 506 1880 621 1948; x_wconf 87' lang='lat' dir='ltr'><strong>dratus</strong></span> <span class='ocrx_word' id='word_1_96' title='bbox 643 1885 868 1974; x_wconf 80' lang='lat' dir='ltr'><strong>unusquisque</strong></span> <span class='ocrx_word' id='word_1_97' title='bbox 889 1904 1024 1959; x_wconf 87' lang='lat' dir='ltr'><strong>eorum,</strong></span> <span class='ocrx_word' id='word_1_98' title='bbox 1049 1904 1126 1950; x_wconf 88' lang='lat' dir='ltr'><strong>cum</strong></span> <span class='ocrx_word' id='word_1_99' title='bbox 1149 1883 1256 1950; x_wconf 86' lang='lat' dir='ltr'><strong>factus</strong></span> <span class='ocrx_word' id='word_1_100' title='bbox 1279 1883 1321 1949; x_wconf 91' lang='lat' dir='ltr'><strong>sit</strong></span> <span class='ocrx_word' id='word_1_101' title='bbox 1336 1904 1376 1950; x_wconf 83' lang='lat' dir='ltr'><strong>ex</strong></span> <span class='ocrx_word' id='word_1_102' title='bbox 1401 1881 1601 1970; x_wconf 90' lang='lat' dir='ltr'><strong>multiplica·</strong></span> 
     </span>
     <span class='ocr_line' id='line_1_11' title="bbox 508 2008 1599 2100; baseline 0.002 -27"><span class='ocrx_word' id='word_1_103' title='bbox 508 2008 593 2076; x_wconf 87' lang='lat' dir='ltr'><strong>tione</strong></span> <span class='ocrx_word' id='word_1_104' title='bbox 616 2009 768 2099; x_wconf 90' lang='lat' dir='ltr'><strong>quadrati</strong></span> <span class='ocrx_word' id='word_1_105' title='bbox 790 2012 917 2078; x_wconf 87' lang='lat' dir='ltr'><strong>numeri</strong></span> <span class='ocrx_word' id='word_1_106' title='bbox 940 2012 974 2078; x_wconf 91' lang='lat' dir='ltr'><strong>in</strong></span> <span class='ocrx_word' id='word_1_107' title='bbox 996 2010 1197 2100; x_wconf 90' lang='lat' dir='ltr'><strong>quadratum</strong></span> <span class='ocrx_word' id='word_1_108' title='bbox 1222 2032 1420 2085; x_wconf 86' lang='lat' dir='ltr'><strong>numerum,</strong></span> <span class='ocrx_word' id='word_1_109' title='bbox 1454 2029 1599 2100; x_wconf 87' lang='lat' dir='ltr'><strong>quorum</strong></span> 
     </span>
     <span class='ocr_line' id='line_1_12' title="bbox 506 2135 1599 2227; baseline 0.002 -26"><span class='ocrx_word' id='word_1_110' title='bbox 506 2135 632 2202; x_wconf 90' lang='lat' dir='ltr'><strong>radices</strong></span> <span class='ocrx_word' id='word_1_111' title='bbox 655 2159 725 2204; x_wconf 89' lang='lat' dir='ltr'><strong>esse</strong></span> <span class='ocrx_word' id='word_1_112' title='bbox 746 2138 915 2206; x_wconf 89' lang='lat' dir='ltr'><strong>ostendam</strong></span> <span class='ocrx_word' id='word_1_113' title='bbox 931 2148 942 2203; x_wconf 87' lang='lat' dir='ltr'><strong>t</strong></span> <span class='ocrx_word' id='word_1_114' title='bbox 961 2139 992 2215; x_wconf 84' lang='lat' dir='ltr'><strong>lr,</strong></span> <span class='ocrx_word' id='word_1_115' title='bbox 1013 2139 1061 2204; x_wconf 78' lang='lat' dir='ltr'><strong>ltl</strong></span> <span class='ocrx_word' id='word_1_116' title='bbox 1071 2191 1078 2216; x_wconf 84' lang='lat'><strong><em>,</em></strong></span> <span class='ocrx_word' id='word_1_117' title='bbox 1095 2161 1127 2204; x_wconf 90' lang='lat' dir='ltr'><strong>m</strong></span> <span class='ocrx_word' id='word_1_118' title='bbox 1139 2161 1161 2203; x_wconf 86' lang='lat' dir='ltr'><strong>n</strong></span> <span class='ocrx_word' id='word_1_119' title='bbox 1176 2190 1184 2212; x_wconf 83' lang='lat'><strong>.</strong></span> <span class='ocrx_word' id='word_1_120' title='bbox 1202 2162 1225 2205; x_wconf 83' lang='lat' dir='ltr'><strong>rr</strong></span> <span class='ocrx_word' id='word_1_121' title='bbox 1239 2161 1277 2218; x_wconf 77' lang='grc' dir='ltr'><strong>ος</strong></span> <span class='ocrx_word' id='word_1_122' title='bbox 1300 2139 1444 2227; x_wconf 90' lang='lat' dir='ltr'><strong>primum</strong></span> <span class='ocrx_word' id='word_1_123' title='bbox 1464 2138 1599 2226; x_wconf 93' lang='lat' dir='ltr'><strong>quidem</strong></span> 
     </span>
     <span class='ocr_line' id='line_1_13' title="bbox 506 2263 1599 2354; baseline 0.004 -27"><span class='ocrx_word' id='word_1_124' title='bbox 506 2263 677 2331; x_wconf 90' lang='lat' dir='ltr'><strong>ostendam</strong></span> <span class='ocrx_word' id='word_1_125' title='bbox 691 2264 913 2352; x_wconf 87' lang='lat' dir='ltr'><strong>quadratum,</strong></span> <span class='ocrx_word' id='word_1_126' title='bbox 937 2267 994 2354; x_wconf 94' lang='lat' dir='ltr'><strong>qui</strong></span> <span class='ocrx_word' id='word_1_127' title='bbox 1014 2265 1051 2332; x_wconf 90' lang='lat' dir='ltr'><strong>fit</strong></span> <span class='ocrx_word' id='word_1_128' title='bbox 1068 2272 1089 2333; x_wconf 78' lang='lat' dir='ltr'><strong>a</strong></span> <span class='ocrx_word' id='word_1_129' title='bbox 1108 2286 1246 2334; x_wconf 90' lang='lat' dir='ltr'><strong>numero</strong></span> <span class='ocrx_word' id='word_1_130' title='bbox 1267 2277 1279 2333; x_wconf 90' lang='lat' dir='ltr'><strong>t</strong></span> <span class='ocrx_word' id='word_1_131' title='bbox 1298 2269 1336 2343; x_wconf 76' lang='lat' dir='ltr'><strong>lc,</strong></span> <span class='ocrx_word' id='word_1_132' title='bbox 1362 2265 1514 2354; x_wconf 83' lang='lat' dir='ltr'><strong>equalem</strong></span> <span class='ocrx_word' id='word_1_133' title='bbox 1529 2285 1599 2331; x_wconf 88' lang='lat' dir='ltr'><strong>esse</strong></span> 
     </span>
     <span class='ocr_line' id='line_1_14' title="bbox 505 2393 1600 2482; baseline 0.005 -28"><span class='ocrx_word' id='word_1_134' title='bbox 505 2410 644 2459; x_wconf 86' lang='lat' dir='ltr'><strong>numero</strong></span> <span class='ocrx_word' id='word_1_135' title='bbox 673 2415 689 2459; x_wconf 88' lang='lat' dir='ltr'><strong>c</strong></span> <span class='ocrx_word' id='word_1_136' title='bbox 716 2395 756 2467; x_wconf 72' lang='lat' dir='ltr'><strong>le,</strong></span> <span class='ocrx_word' id='word_1_137' title='bbox 780 2405 829 2460; x_wconf 90' lang='lat' dir='ltr'><strong>est</strong></span> <span class='ocrx_word' id='word_1_138' title='bbox 850 2396 936 2461; x_wconf 89' lang='lat' dir='ltr'><strong>enim</strong></span> <span class='ocrx_word' id='word_1_139' title='bbox 954 2395 1127 2462; x_wconf 72' lang='lat' dir='ltr'><strong>ollactus</strong></span> <span class='ocrx_word' id='word_1_140' title='bbox 1159 2416 1199 2462; x_wconf 86' lang='lat' dir='ltr'><strong>ex</strong></span> <span class='ocrx_word' id='word_1_141' title='bbox 1223 2393 1497 2482; x_wconf 85' lang='lat' dir='ltr'><strong>multiplicatione</strong></span> <span class='ocrx_word' id='word_1_142' title='bbox 1518 2413 1600 2481; x_wconf 90' lang='lat' dir='ltr'><strong>qua·</strong></span> 
     </span>
     <span class='ocr_line' id='line_1_15' title="bbox 505 2516 1598 2610; baseline 0.002 -28"><span class='ocrx_word' id='word_1_143' title='bbox 505 2516 603 2595; x_wconf 81' lang='lat' dir='ltr'><strong>drati,</strong></span> <span class='ocrx_word' id='word_1_144' title='bbox 619 2520 676 2607; x_wconf 92' lang='lat' dir='ltr'><strong>qui</strong></span> <span class='ocrx_word' id='word_1_145' title='bbox 694 2519 732 2585; x_wconf 89' lang='lat' dir='ltr'><strong>fit</strong></span> <span class='ocrx_word' id='word_1_146' title='bbox 747 2542 768 2587; x_wconf 90' lang='lat' dir='ltr'><strong>a</strong></span> <span class='ocrx_word' id='word_1_147' title='bbox 782 2540 919 2588; x_wconf 89' lang='lat' dir='ltr'><strong>numero</strong></span> <span class='ocrx_word' id='word_1_148' title='bbox 934 2543 965 2597; x_wconf 89' lang='lat' dir='ltr'><strong>c,</strong></span> <span class='ocrx_word' id='word_1_149' title='bbox 983 2523 1015 2587; x_wconf 93' lang='lat' dir='ltr'><strong>in</strong></span> <span class='ocrx_word' id='word_1_150' title='bbox 1031 2521 1231 2610; x_wconf 87' lang='lat' dir='ltr'><strong>quadratum</strong></span> <span class='ocrx_word' id='word_1_151' title='bbox 1246 2521 1304 2609; x_wconf 93' lang='lat' dir='ltr'><strong>qui</strong></span> <span class='ocrx_word' id='word_1_152' title='bbox 1320 2519 1357 2586; x_wconf 86' lang='lat' dir='ltr'><strong>lit</strong></span> <span class='ocrx_word' id='word_1_153' title='bbox 1372 2524 1393 2585; x_wconf 79' lang='lat' dir='ltr'><strong>a</strong></span> <span class='ocrx_word' id='word_1_154' title='bbox 1408 2539 1549 2586; x_wconf 87' lang='lat' dir='ltr'><strong>numero</strong></span> <span class='ocrx_word' id='word_1_155' title='bbox 1566 2542 1598 2607; x_wconf 83' lang='lat'><strong>9.</strong></span> 
     </span>
     <span class='ocr_line' id='line_1_16' title="bbox 505 2645 1597 2738; baseline 0.002 -25"><span class='ocrx_word' id='word_1_156' title='bbox 505 2645 567 2713; x_wconf 88' lang='lat' dir='ltr'><strong>Sed</strong></span> <span class='ocrx_word' id='word_1_157' title='bbox 584 2657 595 2711; x_wconf 90' lang='lat' dir='ltr'><strong>t</strong></span> <span class='ocrx_word' id='word_1_158' title='bbox 607 2645 744 2713; x_wconf 77' lang='lat' dir='ltr'><strong>liactus</strong></span> <span class='ocrx_word' id='word_1_159' title='bbox 754 2657 853 2714; x_wconf 83' lang='lat' dir='ltr'><strong>estex</strong></span> <span class='ocrx_word' id='word_1_160' title='bbox 865 2648 1135 2737; x_wconf 89' lang='lat' dir='ltr'><strong>multiplicatione</strong></span> <span class='ocrx_word' id='word_1_161' title='bbox 1146 2671 1167 2716; x_wconf 88' lang='lat' dir='ltr'><strong>u</strong></span> <span class='ocrx_word' id='word_1_162' title='bbox 1179 2649 1212 2715; x_wconf 93' lang='lat' dir='ltr'><strong>iu</strong></span> <span class='ocrx_word' id='word_1_163' title='bbox 1224 2672 1258 2732; x_wconf 76' lang='lat' dir='ltr'><strong>q,</strong></span> <span class='ocrx_word' id='word_1_164' title='bbox 1274 2668 1378 2738; x_wconf 89' lang='lat' dir='ltr'><strong>quare</strong></span> <span class='ocrx_word' id='word_1_165' title='bbox 1392 2646 1597 2736; x_wconf 82' lang='lat' dir='ltr'><strong>quadratus.</strong></span> 
     </span>
    </p>
   </div>
   <div class='ocr_carea' id='block_1_2' title="bbox 502 2752 1599 2866">
    <p class='ocr_par' dir='ltr' id='par_1_3' title="bbox 502 2752 1599 2866">
     <span class='ocr_line' id='line_1_17' title="bbox 502 2752 1599 2866; baseline 0.001 -27"><span class='ocrx_word' id='word_1_166' title='bbox 502 2773 560 2862; x_wconf 95' lang='lat' dir='ltr'><strong>qui</strong></span> <span class='ocrx_word' id='word_1_167' title='bbox 572 2752 639 2841; x_wconf 73' lang='lat' dir='ltr'><strong>fit&#39;a</strong></span> <span class='ocrx_word' id='word_1_168' title='bbox 651 2795 789 2841; x_wconf 86' lang='lat' dir='ltr'><strong>numero</strong></span> <span class='ocrx_word' id='word_1_169' title='bbox 802 2788 812 2841; x_wconf 90' lang='lat' dir='ltr'><strong>t</strong></span> <span class='ocrx_word' id='word_1_170' title='bbox 826 2777 860 2850; x_wconf 79' lang='lat' dir='ltr'><strong>lt,</strong></span> <span class='ocrx_word' id='word_1_171' title='bbox 872 2787 1014 2864; x_wconf 83' lang='lat' dir='ltr'><strong>equatur</strong></span> <span class='ocrx_word' id='word_1_172' title='bbox 1031 2777 1194 2866; x_wconf 91' lang='lat' dir='ltr'><strong>quadrato</strong></span> <span class='ocrx_word' id='word_1_173' title='bbox 1210 2777 1267 2865; x_wconf 93' lang='lat' dir='ltr'><strong>qui</strong></span> <span class='ocrx_word' id='word_1_174' title='bbox 1280 2774 1317 2842; x_wconf 89' lang='lat' dir='ltr'><strong>lit</strong></span> <span class='ocrx_word' id='word_1_175' title='bbox 1328 2775 1371 2841; x_wconf 90' lang='lat' dir='ltr'><strong>ab</strong></span> <span class='ocrx_word' id='word_1_176' title='bbox 1383 2795 1423 2842; x_wconf 91' lang='lat' dir='ltr'><strong>ec</strong></span> <span class='ocrx_word' id='word_1_177' title='bbox 1441 2796 1482 2841; x_wconf 84' lang='lat' dir='ltr'><strong>ex</strong></span> <span class='ocrx_word' id='word_1_178' title='bbox 1500 2797 1536 2859; x_wconf 23' lang='lat' dir='ltr'><strong>p..</strong></span> <span class='ocrx_word' id='word_1_179' title='bbox 1549 2774 1599 2841; x_wconf 89' lang='lat' dir='ltr'><strong>Si·</strong></span> 
     </span>
    </p>
   </div>
   <div class='ocr_carea' id='block_1_3' title="bbox 448 2900 1601 4515">
    <p class='ocr_par' dir='ltr' id='par_1_4' title="bbox 448 2900 1601 4515">
     <span class='ocr_line' id='line_1_18' title="bbox 506 2900 1597 2994; baseline 0.005 -30"><span class='ocrx_word' id='word_1_180' title='bbox 506 2900 625 2966; x_wconf 86' lang='lat' dir='ltr'><strong>militer</strong></span> <span class='ocrx_word' id='word_1_181' title='bbox 637 2902 824 2969; x_wconf 86' lang='lat' dir='ltr'><strong>ostendetur</strong></span> <span class='ocrx_word' id='word_1_182' title='bbox 835 2903 1037 2992; x_wconf 90' lang='lat' dir='ltr'><strong>quadratum</strong></span> <span class='ocrx_word' id='word_1_183' title='bbox 1048 2905 1105 2994; x_wconf 92' lang='lat' dir='ltr'><strong>qui</strong></span> <span class='ocrx_word' id='word_1_184' title='bbox 1118 2902 1154 2969; x_wconf 87' lang='lat' dir='ltr'><strong>lit</strong></span> <span class='ocrx_word' id='word_1_185' title='bbox 1165 2925 1206 2972; x_wconf 85' lang='lat' dir='ltr'><strong>ex</strong></span> <span class='ocrx_word' id='word_1_186' title='bbox 1216 2926 1249 2976; x_wconf 87' lang='lat' dir='ltr'><strong>a.</strong></span> <span class='ocrx_word' id='word_1_187' title='bbox 1266 2905 1297 2969; x_wconf 92' lang='lat' dir='ltr'><strong>in</strong></span> <span class='ocrx_word' id='word_1_188' title='bbox 1309 2924 1385 2971; x_wconf 91' lang='lat' dir='ltr'><strong>eum</strong></span> <span class='ocrx_word' id='word_1_189' title='bbox 1397 2903 1454 2992; x_wconf 93' lang='lat' dir='ltr'><strong>qui</strong></span> <span class='ocrx_word' id='word_1_190' title='bbox 1467 2900 1504 2968; x_wconf 83' lang='lat' dir='ltr'><strong>fir</strong></span> <span class='ocrx_word' id='word_1_191' title='bbox 1514 2924 1555 2970; x_wconf 82' lang='lat' dir='ltr'><strong>ex</strong></span> <span class='ocrx_word' id='word_1_192' title='bbox 1566 2905 1597 2979; x_wconf 79' lang='lat' dir='ltr'><strong>(l,</strong></span> 
     </span>
     <span class='ocr_line' id='line_1_19' title="bbox 504 3026 1599 3118; baseline 0.004 -26"><span class='ocrx_word' id='word_1_193' title='bbox 504 3026 617 3113; x_wconf 84' lang='lat' dir='ltr'><strong>equari</strong></span> <span class='ocrx_word' id='word_1_194' title='bbox 633 3027 796 3117; x_wconf 80' lang='lat' dir='ltr'><strong>quadrato</strong></span> <span class='ocrx_word' id='word_1_195' title='bbox 814 3030 871 3117; x_wconf 91' lang='lat' dir='ltr'><strong>qui</strong></span> <span class='ocrx_word' id='word_1_196' title='bbox 887 3030 924 3097; x_wconf 86' lang='lat' dir='ltr'><strong>fit</strong></span> <span class='ocrx_word' id='word_1_197' title='bbox 939 3036 959 3097; x_wconf 78' lang='lat' dir='ltr'><strong>a</strong></span> <span class='ocrx_word' id='word_1_198' title='bbox 976 3052 1115 3098; x_wconf 88' lang='lat' dir='ltr'><strong>numero</strong></span> <span class='ocrx_word' id='word_1_199' title='bbox 1130 3054 1163 3097; x_wconf 86' lang='lat' dir='ltr'><strong>m</strong></span> <span class='ocrx_word' id='word_1_200' title='bbox 1176 3053 1214 3104; x_wconf 83' lang='lat' dir='ltr'><strong>n,</strong></span> <span class='ocrx_word' id='word_1_201' title='bbox 1231 3029 1314 3096; x_wconf 89' lang='lat' dir='ltr'><strong>idest</strong></span> <span class='ocrx_word' id='word_1_202' title='bbox 1329 3028 1443 3118; x_wconf 90' lang='lat' dir='ltr'><strong>equari</strong></span> <span class='ocrx_word' id='word_1_203' title='bbox 1459 3048 1599 3096; x_wconf 88' lang='lat' dir='ltr'><strong>numero</strong></span> 
     </span>
     <span class='ocr_line' id='line_1_20' title="bbox 505 3153 1599 3249; baseline 0.004 -33"><span class='ocrx_word' id='word_1_204' title='bbox 505 3154 569 3230; x_wconf 76' lang='lat' dir='ltr'><strong>tt,</strong></span> <span class='ocrx_word' id='word_1_205' title='bbox 588 3162 621 3219; x_wconf 94' lang='lat' dir='ltr'><strong>et</strong></span> <span class='ocrx_word' id='word_1_206' title='bbox 635 3153 835 3241; x_wconf 88' lang='lat' dir='ltr'><strong>quadratum</strong></span> <span class='ocrx_word' id='word_1_207' title='bbox 851 3158 907 3246; x_wconf 93' lang='lat' dir='ltr'><strong>qui</strong></span> <span class='ocrx_word' id='word_1_208' title='bbox 918 3157 955 3224; x_wconf 84' lang='lat' dir='ltr'><strong>fit</strong></span> <span class='ocrx_word' id='word_1_209' title='bbox 971 3163 1141 3224; x_wconf 72' lang='lat' dir='ltr'><strong>enumero</strong></span> <span class='ocrx_word' id='word_1_210' title='bbox 1164 3157 1212 3221; x_wconf 74' lang='lat' dir='ltr'><strong>let</strong></span> <span class='ocrx_word' id='word_1_211' title='bbox 1233 3175 1370 3249; x_wconf 86' lang='lat' dir='ltr'><strong>numero</strong></span> <span class='ocrx_word' id='word_1_212' title='bbox 1397 3159 1452 3229; x_wconf 87' lang='lat' dir='ltr'><strong>ir,</strong></span> <span class='ocrx_word' id='word_1_213' title='bbox 1475 3159 1541 3238; x_wconf 73' lang='lat' dir='ltr'><strong>rs,</strong></span> <span class='ocrx_word' id='word_1_214' title='bbox 1565 3167 1599 3223; x_wconf 91' lang='lat' dir='ltr'><strong>et</strong></span> 
     </span>
     <span class='ocr_line' id='line_1_21' title="bbox 506 3279 1598 3373; baseline 0.005 -27"><span class='ocrx_word' id='word_1_215' title='bbox 506 3279 615 3349; x_wconf 92' lang='lat' dir='ltr'><strong>adhuc</strong></span> <span class='ocrx_word' id='word_1_216' title='bbox 627 3282 825 3372; x_wconf 88' lang='lat' dir='ltr'><strong>quadratus,</strong></span> <span class='ocrx_word' id='word_1_217' title='bbox 840 3286 897 3373; x_wconf 94' lang='lat' dir='ltr'><strong>qui</strong></span> <span class='ocrx_word' id='word_1_218' title='bbox 909 3283 947 3350; x_wconf 85' lang='lat' dir='ltr'><strong>fir</strong></span> <span class='ocrx_word' id='word_1_219' title='bbox 958 3288 978 3352; x_wconf 79' lang='lat' dir='ltr'><strong>a</strong></span> <span class='ocrx_word' id='word_1_220' title='bbox 990 3304 1128 3351; x_wconf 89' lang='lat' dir='ltr'><strong>numero</strong></span> <span class='ocrx_word' id='word_1_221' title='bbox 1140 3306 1162 3349; x_wconf 85' lang='lat' dir='ltr'><strong>o</strong></span> <span class='ocrx_word' id='word_1_222' title='bbox 1171 3307 1204 3360; x_wconf 90' lang='lat' dir='ltr'><strong>o,</strong></span> <span class='ocrx_word' id='word_1_223' title='bbox 1222 3293 1364 3372; x_wconf 86' lang='lat' dir='ltr'><strong>equatur</strong></span> <span class='ocrx_word' id='word_1_224' title='bbox 1379 3302 1518 3350; x_wconf 90' lang='lat' dir='ltr'><strong>numero</strong></span> <span class='ocrx_word' id='word_1_225' title='bbox 1531 3288 1544 3351; x_wconf 81' lang='lat' dir='ltr'><strong>t&#39;</strong></span> <span class='ocrx_word' id='word_1_226' title='bbox 1557 3306 1598 3361; x_wconf 84' lang='lat' dir='ltr'><strong>r,</strong></span> 
     </span>
     <span class='ocr_line' id='line_1_22' title="bbox 504 3408 1599 3500; baseline 0.005 -27"><span class='ocrx_word' id='word_1_227' title='bbox 504 3428 523 3473; x_wconf 89' lang='lat' dir='ltr'><strong>r</strong></span> <span class='ocrx_word' id='word_1_228' title='bbox 536 3410 563 3496; x_wconf 78' lang='lat' dir='ltr'><strong>s:</strong></span> <span class='ocrx_word' id='word_1_229' title='bbox 576 3409 867 3479; x_wconf 89' lang='lat' dir='ltr'><strong>demonstrandum</strong></span> <span class='ocrx_word' id='word_1_230' title='bbox 882 3411 1015 3500; x_wconf 88' lang='lat' dir='ltr'><strong>quidem</strong></span> <span class='ocrx_word' id='word_1_231' title='bbox 1031 3421 1132 3478; x_wconf 89' lang='lat' dir='ltr'><strong>restat</strong></span> <span class='ocrx_word' id='word_1_232' title='bbox 1144 3411 1228 3478; x_wconf 91' lang='lat' dir='ltr'><strong>duos</strong></span> <span class='ocrx_word' id='word_1_233' title='bbox 1238 3408 1431 3500; x_wconf 88' lang='lat' dir='ltr'><strong>quadratos,</strong></span> <span class='ocrx_word' id='word_1_234' title='bbox 1442 3412 1502 3499; x_wconf 93' lang='lat' dir='ltr'><strong>qui</strong></span> <span class='ocrx_word' id='word_1_235' title='bbox 1513 3410 1599 3478; x_wconf 86' lang='lat' dir='ltr'><strong>fiunt</strong></span> 
     </span>
     <span class='ocr_line' id='line_1_23' title="bbox 506 3536 1598 3627; baseline 0.003 -27"><span class='ocrx_word' id='word_1_236' title='bbox 506 3539 698 3604; x_wconf 72' lang='lat' dir='ltr'><strong>enumeris</strong></span> <span class='ocrx_word' id='word_1_237' title='bbox 722 3541 767 3603; x_wconf 88' lang='lat' dir='ltr'><strong>tl</strong></span> <span class='ocrx_word' id='word_1_238' title='bbox 786 3549 859 3627; x_wconf 79' lang='lat' dir='ltr'><strong>etp</strong></span> <span class='ocrx_word' id='word_1_239' title='bbox 882 3561 921 3615; x_wconf 89' lang='lat' dir='ltr'><strong>o,</strong></span> <span class='ocrx_word' id='word_1_240' title='bbox 955 3539 1007 3606; x_wconf 88' lang='lat' dir='ltr'><strong>vel</strong></span> <span class='ocrx_word' id='word_1_241' title='bbox 1039 3539 1125 3606; x_wconf 89' lang='lat' dir='ltr'><strong>liunt</strong></span> <span class='ocrx_word' id='word_1_242' title='bbox 1148 3544 1168 3605; x_wconf 81' lang='lat' dir='ltr'><strong>a</strong></span> <span class='ocrx_word' id='word_1_243' title='bbox 1190 3539 1335 3605; x_wconf 90' lang='lat' dir='ltr'><strong>numeris</strong></span> <span class='ocrx_word' id='word_1_244' title='bbox 1363 3560 1396 3603; x_wconf 87' lang='lat' dir='ltr'><strong>m</strong></span> <span class='ocrx_word' id='word_1_245' title='bbox 1416 3558 1434 3601; x_wconf 93' lang='lat' dir='ltr'><strong>o</strong></span> <span class='ocrx_word' id='word_1_246' title='bbox 1456 3548 1490 3605; x_wconf 88' lang='lat' dir='ltr'><strong>et</strong></span> <span class='ocrx_word' id='word_1_247' title='bbox 1517 3536 1598 3627; x_wconf 86' lang='lat' dir='ltr'><strong>pl,</strong></span> 
     </span>
     <span class='ocr_line' id='line_1_24' title="bbox 505 3661 1598 3755; baseline 0.001 -30"><span class='ocrx_word' id='word_1_248' title='bbox 505 3661 639 3749; x_wconf 90' lang='lat' dir='ltr'><strong>equales</strong></span> <span class='ocrx_word' id='word_1_249' title='bbox 660 3683 731 3728; x_wconf 85' lang='lat' dir='ltr'><strong>csse</strong></span> <span class='ocrx_word' id='word_1_250' title='bbox 754 3671 821 3729; x_wconf 82' lang='lat' dir='ltr'><strong>uu⁰¹</strong></span> <span class='ocrx_word' id='word_1_251' title='bbox 837 3664 1022 3754; x_wconf 84' lang='lat' dir='ltr'><strong>quadratis,</strong></span> <span class='ocrx_word' id='word_1_252' title='bbox 1042 3666 1099 3755; x_wconf 92' lang='lat' dir='ltr'><strong>qui</strong></span> <span class='ocrx_word' id='word_1_253' title='bbox 1123 3663 1206 3731; x_wconf 80' lang='lat' dir='ltr'><strong>liunt</strong></span> <span class='ocrx_word' id='word_1_254' title='bbox 1224 3662 1406 3730; x_wconf 69' lang='lat' dir='ltr'><strong>enumeris</strong></span> <span class='ocrx_word' id='word_1_255' title='bbox 1430 3671 1442 3726; x_wconf 89' lang='lat' dir='ltr'><strong>t</strong></span> <span class='ocrx_word' id='word_1_256' title='bbox 1461 3663 1502 3738; x_wconf 71' lang='lat' dir='ltr'><strong>lt,</strong></span> <span class='ocrx_word' id='word_1_257' title='bbox 1525 3661 1598 3738; x_wconf 71' lang='lat' dir='ltr'><strong>tt,</strong></span> 
     </span>
     <span class='ocr_line' id='line_1_25' title="bbox 506 3788 1601 3882; baseline 0.001 -28"><span class='ocrx_word' id='word_1_258' title='bbox 506 3809 539 3854; x_wconf 88' lang='lat' dir='ltr'><strong>m</strong></span> <span class='ocrx_word' id='word_1_259' title='bbox 553 3809 590 3864; x_wconf 88' lang='lat' dir='ltr'><strong>n,</strong></span> <span class='ocrx_word' id='word_1_260' title='bbox 607 3810 630 3852; x_wconf 84' lang='lat' dir='ltr'><strong>n</strong></span> <span class='ocrx_word' id='word_1_261' title='bbox 648 3810 682 3867; x_wconf 90' lang='lat' dir='ltr'><strong>o;</strong></span> <span class='ocrx_word' id='word_1_262' title='bbox 701 3789 824 3877; x_wconf 93' lang='lat' dir='ltr'><strong>quibus</strong></span> <span class='ocrx_word' id='word_1_263' title='bbox 846 3792 1017 3860; x_wconf 90' lang='lat' dir='ltr'><strong>ostendam</strong></span> <span class='ocrx_word' id='word_1_264' title='bbox 1033 3793 1175 3882; x_wconf 90' lang='lat' dir='ltr'><strong>primum</strong></span> <span class='ocrx_word' id='word_1_265' title='bbox 1192 3790 1325 3881; x_wconf 86' lang='lat' dir='ltr'><strong>equales</strong></span> <span class='ocrx_word' id='word_1_266' title='bbox 1344 3810 1415 3857; x_wconf 89' lang='lat' dir='ltr'><strong>esse</strong></span> <span class='ocrx_word' id='word_1_267' title='bbox 1432 3788 1494 3875; x_wconf 87' lang='lat' dir='ltr'><strong>illj,</strong></span> <span class='ocrx_word' id='word_1_268' title='bbox 1514 3792 1522 3878; x_wconf 82' lang='grc' dir='ltr'>Ι</span> <span class='ocrx_word' id='word_1_269' title='bbox 1540 3790 1601 3877; x_wconf 91' lang='lat' dir='ltr'><strong>qui</strong></span> 
     </span>
     <span class='ocr_line' id='line_1_26' title="bbox 504 3913 1601 4009; baseline 0.001 -27"><span class='ocrx_word' id='word_1_270' title='bbox 504 3913 588 3983; x_wconf 89' lang='lat' dir='ltr'><strong>liunt</strong></span> <span class='ocrx_word' id='word_1_271' title='bbox 606 3919 626 3983; x_wconf 78' lang='lat' dir='ltr'><strong>la</strong></span> <span class='ocrx_word' id='word_1_272' title='bbox 645 3917 791 3984; x_wconf 84' lang='lat' dir='ltr'><strong>numeris</strong></span> <span class='ocrx_word' id='word_1_273' title='bbox 815 3929 826 3984; x_wconf 88' lang='lat' dir='ltr'><strong>t</strong></span> <span class='ocrx_word' id='word_1_274' title='bbox 849 3918 861 3983; x_wconf 90' lang='lat' dir='ltr'><strong>l</strong></span> <span class='ocrx_word' id='word_1_275' title='bbox 891 3932 923 3986; x_wconf 90' lang='lat' dir='ltr'><strong>et</strong></span> <span class='ocrx_word' id='word_1_276' title='bbox 949 3943 969 4009; x_wconf 80' lang='lat' dir='ltr'><strong>q</strong></span> <span class='ocrx_word' id='word_1_277' title='bbox 992 3942 1033 4000; x_wconf 89' lang='lat' dir='ltr'><strong>o;</strong></span> <span class='ocrx_word' id='word_1_278' title='bbox 1062 3918 1245 4008; x_wconf 83' lang='lat' dir='ltr'><strong>quadratus</strong></span> <span class='ocrx_word' id='word_1_279' title='bbox 1268 3917 1418 4006; x_wconf 86' lang='lat' dir='ltr'><strong>quidem,</strong></span> <span class='ocrx_word' id='word_1_280' title='bbox 1445 3917 1503 4004; x_wconf 90' lang='lat' dir='ltr'><strong>qui</strong></span> <span class='ocrx_word' id='word_1_281' title='bbox 1522 3914 1601 3983; x_wconf 78' lang='lat' dir='ltr'><strong>lita</strong></span> 
     </span>
     <span class='ocr_line' id='line_1_27' title="bbox 504 4043 1601 4135; baseline -0.005 -23"><span class='ocrx_word' id='word_1_282' title='bbox 504 4065 642 4114; x_wconf 88' lang='lat' dir='ltr'><strong>numero</strong></span> <span class='ocrx_word' id='word_1_283' title='bbox 665 4055 677 4112; x_wconf 85' lang='lat' dir='ltr'><strong>t</strong></span> <span class='ocrx_word' id='word_1_284' title='bbox 700 4048 733 4121; x_wconf 88' lang='lat' dir='ltr'><strong>l,</strong></span> <span class='ocrx_word' id='word_1_285' title='bbox 765 4056 906 4135; x_wconf 84' lang='lat' dir='ltr'><strong>equatur</strong></span> <span class='ocrx_word' id='word_1_286' title='bbox 941 4044 1072 4114; x_wconf 89' lang='lat' dir='ltr'><strong>duobus</strong></span> <span class='ocrx_word' id='word_1_287' title='bbox 1093 4067 1134 4111; x_wconf 81' lang='lat' dir='ltr'><strong>ax</strong></span> <span class='ocrx_word' id='word_1_288' title='bbox 1160 4043 1314 4133; x_wconf 85' lang='lat' dir='ltr'><strong>predictis</strong></span> <span class='ocrx_word' id='word_1_289' title='bbox 1349 4053 1492 4133; x_wconf 86' lang='lat' dir='ltr'><strong>quatuor</strong></span> <span class='ocrx_word' id='word_1_290' title='bbox 1515 4062 1601 4131; x_wconf 86' lang='lat' dir='ltr'><strong>qua-</strong></span> 
     </span>
     <span class='ocr_line' id='line_1_28' title="bbox 448 4164 1601 4262; baseline -0.003 -24"><span class='ocrx_word' id='word_1_291' title='bbox 448 4164 451 4171; x_wconf 74' lang='grc'>’</span> <span class='ocrx_word' id='word_1_292' title='bbox 502 4171 622 4250; x_wconf 79' lang='lat' dir='ltr'><strong>cratis,</strong></span> <span class='ocrx_word' id='word_1_293' title='bbox 646 4172 768 4262; x_wconf 89' lang='lat' dir='ltr'><strong>eisqui</strong></span> <span class='ocrx_word' id='word_1_294' title='bbox 788 4171 871 4239; x_wconf 86' lang='lat' dir='ltr'><strong>fiunt</strong></span> <span class='ocrx_word' id='word_1_295' title='bbox 894 4178 915 4239; x_wconf 79' lang='lat' dir='ltr'><strong>a</strong></span> <span class='ocrx_word' id='word_1_296' title='bbox 938 4173 1083 4240; x_wconf 85' lang='lat' dir='ltr'><strong>numeris</strong></span> <span class='ocrx_word' id='word_1_297' title='bbox 1101 4180 1113 4237; x_wconf 86' lang='lat' dir='ltr'><strong>t</strong></span> <span class='ocrx_word' id='word_1_298' title='bbox 1130 4172 1163 4246; x_wconf 75' lang='lat' dir='ltr'><strong>lt,</strong></span> <span class='ocrx_word' id='word_1_299' title='bbox 1184 4172 1204 4234; x_wconf 77' lang='lat' dir='ltr'><strong>lt</strong></span> <span class='ocrx_word' id='word_1_300' title='bbox 1222 4169 1234 4234; x_wconf 88' lang='lat' dir='ltr'><strong>l</strong></span> <span class='ocrx_word' id='word_1_301' title='bbox 1250 4180 1284 4236; x_wconf 91' lang='lat' dir='ltr'><strong>et</strong></span> <span class='ocrx_word' id='word_1_302' title='bbox 1306 4169 1407 4258; x_wconf 93' lang='lat' dir='ltr'><strong>duplo</strong></span> <span class='ocrx_word' id='word_1_303' title='bbox 1440 4168 1601 4259; x_wconf 90' lang='lat' dir='ltr'><strong>multipli-</strong></span> 
     </span>
     <span class='ocr_line' id='line_1_29' title="bbox 507 4296 1600 4386; baseline -0.001 -20"><span class='ocrx_word' id='word_1_304' title='bbox 507 4301 646 4367; x_wconf 84' lang='lat' dir='ltr'><strong>cationis</strong></span> <span class='ocrx_word' id='word_1_305' title='bbox 666 4311 677 4365; x_wconf 86' lang='lat' dir='ltr'><strong>t</strong></span> <span class='ocrx_word' id='word_1_306' title='bbox 693 4300 763 4365; x_wconf 77' lang='lat' dir='ltr'><strong>lein</strong></span> <span class='ocrx_word' id='word_1_307' title='bbox 782 4299 794 4364; x_wconf 91' lang='lat' dir='ltr'><strong>l</strong></span> <span class='ocrx_word' id='word_1_308' title='bbox 810 4301 838 4365; x_wconf 79' lang='lat' dir='ltr'><strong>lc.</strong></span> <span class='ocrx_word' id='word_1_309' title='bbox 863 4299 972 4377; x_wconf 85' lang='lat' dir='ltr'><strong>Quare</strong></span> <span class='ocrx_word' id='word_1_310' title='bbox 994 4309 1095 4366; x_wconf 89' lang='lat' dir='ltr'><strong>restat</strong></span> <span class='ocrx_word' id='word_1_311' title='bbox 1117 4296 1409 4364; x_wconf 90' lang='lat' dir='ltr'><strong>demonstrandum</strong></span> <span class='ocrx_word' id='word_1_312' title='bbox 1427 4297 1518 4386; x_wconf 89' lang='lat' dir='ltr'><strong>quod</strong></span> <span class='ocrx_word' id='word_1_313' title='bbox 1537 4297 1600 4365; x_wconf 90' lang='lat' dir='ltr'><strong>du·</strong></span> 
     </span>
     <span class='ocr_line' id='line_1_30' title="bbox 508 4423 1601 4515; baseline 0.003 -25"><span class='ocrx_word' id='word_1_314' title='bbox 508 4425 599 4512; x_wconf 93' lang='lat' dir='ltr'><strong>plum</strong></span> <span class='ocrx_word' id='word_1_315' title='bbox 621 4427 899 4515; x_wconf 89' lang='lat' dir='ltr'><strong>multiplicationis</strong></span> <span class='ocrx_word' id='word_1_316' title='bbox 923 4437 934 4491; x_wconf 88' lang='lat' dir='ltr'><strong>t</strong></span> <span class='ocrx_word' id='word_1_317' title='bbox 964 4426 985 4490; x_wconf 82' lang='lat' dir='ltr'><strong>lc</strong></span> <span class='ocrx_word' id='word_1_318' title='bbox 1013 4428 1044 4492; x_wconf 95' lang='lat' dir='ltr'><strong>in</strong></span> <span class='ocrx_word' id='word_1_319' title='bbox 1074 4428 1116 4491; x_wconf 79' lang='lat' dir='ltr'><strong>ltl</strong></span> <span class='ocrx_word' id='word_1_320' title='bbox 1129 4477 1135 4501; x_wconf 92' lang='lat'><strong><em>‚</em></strong></span> <span class='ocrx_word' id='word_1_321' title='bbox 1159 4445 1233 4491; x_wconf 92' lang='lat' dir='ltr'><strong>cum</strong></span> <span class='ocrx_word' id='word_1_322' title='bbox 1258 4423 1422 4513; x_wconf 90' lang='lat' dir='ltr'><strong>quadrato</strong></span> <span class='ocrx_word' id='word_1_323' title='bbox 1438 4425 1496 4512; x_wconf 89' lang='lat' dir='ltr'><strong>qui</strong></span> <span class='ocrx_word' id='word_1_324' title='bbox 1519 4425 1601 4492; x_wconf 78' lang='lat' dir='ltr'><strong>fita</strong></span> 
     </span>
    </p>
   </div>
   <div class='ocr_carea' id='block_1_4' title="bbox 0 0 2092 5792">
    <p class='ocr_par' dir='ltr' id='par_1_5' title="bbox 0 0 2092 5792">
     <span class='ocr_line' id='line_1_31' title="bbox 0 0 2092 5792; baseline 0 1"><span class='ocrx_word' id='word_1_325' title='bbox 0 0 2092 5792; x_wconf 95' lang='lat' dir='ltr'><strong> </strong></span> 
     </span>
    </p>
   </div>
  </div>
 </body>
</html>
