4175 5792
1552 721 1589 786 at

506 860 579 948 plus
600 860 727 926 numeri
750 859 824 932 bo,
847 860 1041 926 coniunctus
1064 858 1196 947 quidem
1221 881 1259 925 ex
1282 861 1426 927 numeris
1449 871 1480 938 t,
1500 883 1515 927 s
1538 883 1597 950 par

504 1001 573 1067 est,
602 1000 705 1058 otest
729 999 740 1053 ῖ
767 987 809 1053 ad
835 1009 850 1053 s
876 990 960 1054 siout
992 986 1275 1074 bpadbo,.et
1301 988 1527 1077 ducaturpd
1562 994 1595 1058 in

504 1118 649 1185 numeris
671 1127 683 1183 t
700 1137 737 1191 a,
760 1128 792 1182 et
816 1115 1009 1204 proueniant
1029 1116 1155 1181 numeri
1179 1137 1231 1181 ez
1251 1129 1282 1181 et
1305 1119 1361 1183 zi.
1382 1118 1440 1183 Est
1459 1139 1535 1208 ergo
1554 1121 1596 1186 si-

503 1243 797 1318 outtads‚boo
820 1254 868 1310 est
892 1241 1122 1326 sioutptad
1149 1244 1531 1321 bo,itaez,adzi,
1557 1257 1589 1313 et

503 1374 644 1441 dueatur
667 1374 785 1439 iterum
804 1393 961 1438 numerus
980 1392 1032 1454 99
1051 1371 1083 1435 in
1102 1374 1247 1439 numeris
1266 1383 1291 1448 t,
1303 1394 1333 1449 s,
1350 1385 1381 1440 et
1398 1375 1590 1460 proueniant

459 1477 461 1483 ¹
502 1502 710 1566 ismettct.
735 1501 793 1564 Est
815 1496 1244 1586 ergouttads,hocest
1266 1501 1591 1587 utez,adzi„ita

502 1626 523 1689 k
553 1646 585 1689 m
607 1623 649 1691 ad
673 1627 693 1689 tr
716 1625 749 1703 l‚·
770 1635 802 1690 et
823 1624 979 1712 quoniam
1005 1644 1100 1711 paros
1131 1635 1207 1691 suut
1230 1627 1357 1693 numeri
1381 1628 1414 1704 t,
1434 1649 1469 1703 s,
1501 1649 1595 1715 pares

501 1763 579 1820 sunt
602 1752 728 1819 numeri
756 1754 829 1816 lam
854 1763 887 1816 et
910 1751 931 1815 k
955 1753 985 1827 t,
1018 1761 1051 1817 et
1085 1731 1274 1819 ostendetur
1311 1774 1368 1840 per
1401 1757 1592 1844 premissam

501 1901 541 1946 ea
569 1902 634 1969 que
657 1878 745 1946 diota
778 1890 854 1944 sunt
891 1881 923 1944 in
954 1880 1098 1945 numeris
1129 1881 1148 1944 tt
1181 1884 1220 1954 tr,
1248 1881 1319 1967 big,
1350 1881 1419 1958 ln,
1455 1904 1530 1949 om
1561 1896 1593 1951 et

501 2029 532 2073 m
555 2031 591 2084 c,
627 2018 658 2073 et
691 2009 722 2072 in
765 2006 897 2093 reliquis
925 2008 1024 2072 etiam
1055 2028 1075 2071 r
1107 2029 1146 2080 o,
1182 2028 1198 2070 o
1228 2030 1272 2095 p,
1302 2031 1392 2097 pq,
1425 1982 1474 2077 est
1511 2032 1589 2100 ergo

502 2155 686 2224 congruum
709 2157 726 2199 o
745 2154 787 2222 p.
811 2133 863 2199 uel
884 2156 906 2220 p
929 2156 948 2221 9
972 2145 1033 2199 eto.
1059 2135 1129 2212 Quo
1152 2137 1249 2201 etiam
1273 2136 1481 2205 ostendemus
1514 2160 1589 2205 oum

501 2264 657 2331 numeris.
681 2263 728 2328 Sit
750 2262 794 2326 ita
819 2273 855 2327 ut
880 2265 947 2349 ὸ9.
972 2262 1003 2327 2.
1026 2272 1059 2328 et
1094 2265 1111 2327 t
1141 2283 1161 2328 a
1183 2263 1232 2328 sit.
1259 2265 1289 2329 t.
1314 2264 1375 2330 erit
1397 2286 1468 2349 99.
1494 2270 1524 2333 3.
1558 2278 1591 2333 et

497 2389 1389 2477 pd.t.ettbetsbetez.d.etzt'.2.etlrm.
1415 2394 1590 2460 taetre.

500 2519 863 2583 detondetur.
890 2516 1588 2608 betlrbb,etquadratusrounum

498 2663 681 2732 congruum
704 2666 721 2709 o
739 2667 786 2732 p,
809 2644 863 2710 uel
882 2667 906 2730 p
928 2667 968 2733 9.-
983 2647 1036 2712 24.
1061 2646 1170 2724 Quare
1187 2645 1369 2734 quadratus
1391 2668 1444 2734 rp
1463 2656 1512 2713 est
1535 2648 1588 2713 25.

497 2781 532 2836 ot
556 2768 739 2856 quadratus
761 2790 779 2833 r
802 2790 832 2856 9.
857 2769 909 2834 to.
933 2792 999 2858 que
1021 2771 1216 2860 oportebant
1238 2771 1417 2839 ostendere.

568 2896 609 2960 Et
623 2897 781 2984 quoniam
794 2898 921 2962 numeri
936 2900 953 2961 b
963 2919 984 2984 9
1002 2909 1035 2963 et
1053 2901 1116 2974 bo,
1136 2898 1259 2966 scilicet
1275 2921 1376 2966 unum
1394 2911 1426 2966 et
1440 2898 1504 2966 due
1523 2897 1588 2990 (sio)

496 3033 575 3090 suut
596 3023 740 3089 minores
761 3024 818 3111 qui
841 3022 905 3090 si-nt
929 3023 961 3087 in
984 3025 1148 3099 numeris,
1173 3035 1205 3090 et
1228 3046 1267 3091 ex
1284 3027 1512 3093 coniunctione
1533 3021 1586 3122 eo·

496 3170 570 3215 rum
594 3151 744 3236 prouenit
765 3149 870 3236 impar
890 3171 1068 3227 numerus,
1092 3165 1124 3218 ot
1147 3172 1223 3219 cum
1239 3153 1316 3240 ipsis
1340 3151 1515 3220 habuimus
1533 3154 1586 3219 at.

496 3297 556 3363 per
578 3296 781 3364 congruum,
804 3279 900 3346 sicuti
921 3277 1099 3347 habuimus
1117 3282 1268 3369 superius
1285 3303 1324 3347 ex
1347 3280 1505 3368 positione
1524 3292 1586 3348 ter-

494 3406 579 3492 narij
604 3416 637 3472 et
660 3405 816 3482 unitatis,
840 3406 991 3493 quisunt
1013 3405 1155 3473 minores
1179 3407 1319 3483 numeri,
1348 3409 1404 3495 qui
1422 3428 1492 3474 esse
1511 3427 1584 3495 pos-

493 3532 576 3606 sint,
599 3532 784 3600 facientium
810 3553 920 3620 parem
941 3555 1135 3609 numerum,
1160 3533 1232 3601 ideo
1249 3535 1454 3603 manifestum
1472 3545 1522 3602 est
1539 3538 1582 3604 at

492 3681 565 3726 esse
588 3661 694 3726 minus
724 3672 756 3726 ot
790 3662 932 3749 primum
962 3682 1143 3750 congruum
1176 3662 1265 3751 quod
1300 3662 1398 3730 cadat
1421 3665 1453 3730 in
1478 3665 1582 3731 tribus

493 3787 684 3877 quadratis,
708 3790 766 3877 qui
788 3791 852 3855 sint
875 3810 914 3855 ex
932 3790 1065 3878 integris
1087 3792 1245 3867 numeris,
1267 3790 1323 3857 sed
1343 3812 1418 3858 eum
1453 3790 1582 3856 tractio-

493 3915 591 3982 nibus
614 3928 750 4003 possunt
773 3917 910 4003 inuenirj
937 3918 1078 3984 minores
1101 3938 1160 3993 eo,
1192 3931 1228 3983 ut
1259 3917 1504 4007 insequentibus
1527 3915 1582 3983 da·

496 4032 761 4110 monstrabimus,

560 4169 622 4234 Suu
643 4170 684 4233 sit
709 4171 876 4256 proportio
898 4192 918 4257 9
943 4169 1016 4235 bad
1045 4174 1061 4235 b
1082 4172 1222 4237 urnaior
1241 4170 1480 4259 proportionea
1499 4191 1520 4255 9
1537 4168 1578 4235 ad

490 4318 511 4383 9
542 4300 582 4370 d,
607 4307 686 4362 tuno
708 4308 803 4363 erunt
842 4288 1016 4363 multitudo
1040 4299 1214 4386 imparium
1249 4297 1343 4385 primj
1368 4297 1502 4383 congrui
1537 4296 1578 4361 ad

493 4421 734 4489 multitudinem
759 4422 907 4499 secundi,
930 4425 1015 4490 sieut
1039 4448 1059 4492 a
1078 4448 1096 4507 9
1121 4424 1197 4511 adp
1220 4425 1253 4499 d,
1276 4434 1308 4489 et
1327 4423 1368 4487 sit
1390 4423 1507 4487 iterum
1525 4443 1545 4487 a
1558 4445 1578 4510 9
1656 4452 1660 4459 ·

492 4549 607 4635 impar.
631 4549 701 4626 Que
719 4559 755 4616 ut
774 4549 928 4639 liquidius
946 4549 1221 4624 demonstrentur,
1240 4551 1281 4615 sit
1298 4572 1319 4637 9
1337 4557 1363 4618 b.
1379 4551 1409 4613 5.
1433 4559 1465 4614 ot
1483 4552 1537 4616 ba
1555 4554 1575 4618 2

491 4686 588 4742 erunt
601 4695 679 4760 ergo
694 4697 755 4763 99.
771 4679 800 4742 7.
820 4688 851 4744 et
866 4680 893 4742 d.
908 4701 938 4765 9.
961 4679 991 4744 3.
1009 4678 1146 4766 duplum
1165 4678 1297 4766 quidem
1313 4699 1353 4745 ox
1370 4648 1388 4762 9
1406 4679 1423 4741 b
1440 4689 1499 4744 est.
1520 4678 1571 4742 to,
