4175 5792
929 745 939 779 r
1477 708 1497 770 9

406 845 447 911 Et
469 848 547 936 qnia
566 849 655 938 qnod
671 857 691 918 d
710 850 817 920 media
835 853 1014 921 secundum
1035 854 1123 919 ritim
1143 865 1176 920 et
1199 853 1334 921 ductum
1355 851 1499 919 latitudi-

408 995 483 1041 nem
506 975 583 1043 lacit
603 978 693 1043 ritim
716 988 749 1044 ct
773 979 1134 1047 incommensurabilem
1156 980 1186 1047 ei
1209 980 1262 1047 cui
1284 978 1412 1045 adiacet
1429 978 1498 1044 lon-

407 1100 562 1188 gitudine.
589 1104 651 1170 Riti
671 1104 715 1196 lt)
740 1126 817 1195 ergo
835 1116 884 1172 est
907 1114 995 1173 recta
1018 1111 1080 1182 at,
1109 1115 1141 1173 et
1161 1104 1498 1174 incommensurabilis

407 1240 495 1296 recte
519 1233 529 1295 l
549 1252 565 1295 c
588 1230 804 1320 longitudine,
822 1250 900 1320 ergo
919 1230 1012 1297 radix
1031 1231 1158 1298 numeri
1182 1231 1367 1299 ratiocinati
1388 1240 1436 1297 est
1460 1230 1495 1295 li-

408 1377 499 1424 neae
515 1360 548 1432 i,
570 1367 603 1424 et
618 1368 667 1424 est
683 1357 1020 1426 incommensurabilis
1035 1359 1120 1427 lineo
1134 1363 1182 1426 ci
1200 1358 1418 1447 longitudine,
1440 1376 1498 1445 po

409 1482 509 1549 tentia
531 1484 617 1550 enim
640 1484 745 1551 solum
769 1496 847 1551 sunt
863 1487 1186 1554 commensurabiles.
1209 1485 1319 1564 Quare
1335 1486 1497 1574 reliquum

409 1630 467 1676 ca
490 1610 631 1677 recisum
653 1621 718 1686 ost,
742 1611 805 1679 hoc
827 1623 877 1679 est
898 1612 1049 1681 abscisio.
1073 1612 1168 1680 Nulla
1183 1612 1270 1679 enim
1288 1600 1427 1678 abscisio
1448 1622 1498 1678 est

409 1734 568 1814 binomia,
591 1747 629 1803 ut
652 1737 685 1803 in
703 1736 818 1805 eodem
846 1738 883 1804 ιο
909 1741 1079 1828 reperitur.
1113 1739 1222 1818 Quare
1244 1760 1320 1806 cnm
1347 1740 1498 1829 supe'rius

408 1872 538 1929 ostensa
560 1864 603 1929 sit
621 1864 706 1931 linea
727 1886 749 1931 a
771 1887 786 1931 e
809 1886 881 1932 esse
903 1864 1106 1944 bimedialis‚
1131 1887 1196 1955 que
1220 1866 1318 1932 modo
1343 1868 1496 1934 inuencta

410 1989 636 2068 estabsoisio,
658 2000 691 2058 et
712 1993 792 2080 quia
814 1992 941 2059 nullum
966 1994 1107 2061 recisum
1141 1992 1336 2070 bimediale‚
1370 2005 1498 2061 constat

411 2115 529 2184 lineam
550 2138 572 2184 c
593 2121 611 2182 b
632 2137 698 2185 uon
721 2139 816 2207 posse
837 2141 909 2188 csse
932 2121 1075 2189 radicem
1097 2119 1216 2188 radicis
1241 2122 1367 2188 numeri
1398 2123 1496 2189 ratio

415 2243 531 2320 cinati,
554 2243 643 2333 quod
666 2246 863 2334 opportebat
885 2246 1066 2316 ostendere.

479 2367 657 2436 Ostendam
677 2391 791 2438 rursus
813 2393 913 2438 unam
935 2393 975 2440 ex
998 2373 1151 2461 predictis
1173 2371 1353 2447 radicibus,
1378 2373 1501 2440 seilicet

414 2497 534 2563 lineam
551 2519 571 2564 c
588 2499 606 2562 b
621 2519 692 2566 esse
707 2519 772 2565 non
788 2517 883 2588 posse
902 2500 1047 2589 aliquam
1063 2521 1104 2567 ex
1121 2499 1214 2567 lineis
1228 2501 1430 2589 compositis,
1448 2501 1501 2567 uel

413 2625 581 2716 depositis,
600 2646 660 2693 nec
678 2648 717 2694 ex
736 2647 851 2695 earurn
870 2627 1047 2696 radicibus.
1067 2627 1129 2696 Sed
1150 2638 1326 2717 antequem
1345 2627 1385 2694 ad
1406 2610 1502 2695 buius

415 2753 459 2820 rei
472 2751 698 2841 probationem
710 2755 912 2842 perueniam,
928 2754 1005 2822 uolo
1017 2755 1232 2843 proprietates
1248 2755 1393 2842 ipsarum
1405 2754 1503 2822 linea-

416 2901 490 2947 rum
509 2879 673 2949 denotare.
692 2882 753 2948 Per
769 2883 911 2970 primam
929 2881 1063 2972 quidem
1079 2903 1119 2949 ex
1134 2903 1191 2949 sex
1207 2881 1300 2948 lineis
1316 2881 1505 2969 compositis
1559 2903 1613 2950 rnr

417 3005 605 3095 intelligitur
623 3008 841 3094 compositum
858 3029 899 3074 ex
915 3029 1053 3077 numero
1067 3018 1101 3076 et
1119 3008 1243 3087 radice,
1266 3007 1361 3075 cuius
1379 3006 1504 3073 numeri

418 3134 564 3221 potentia
575 3132 844 3221 superhabundat
857 3135 1035 3222 potentiam
1049 3133 1168 3202 radicis
1179 3133 1360 3202 secundum
1377 3134 1507 3223 quanti-

419 3272 520 3330 tatem
542 3261 682 3328 alicuius
691 3262 826 3335 ,numeri
845 3261 997 3350 quadrati
1012 3312 1019 3333 .
1041 3270 1079 3327 ut
1097 3262 1124 3328 si
1141 3270 1360 3350 componatur
1377 3269 1508 3350 qnater-

420 3388 531 3454 narius
548 3407 626 3454 cum
645 3384 755 3455 radice
772 3389 963 3478 septenarii,
981 3389 1128 3476 potentia
1147 3387 1346 3477 quaternarij
1361 3399 1411 3453 est
1430 3407 1508 3462 xvi,

419 3527 452 3583 et
475 3516 620 3605 potentia
636 3512 756 3581 radicis
774 3513 815 3582 de
838 3534 879 3580 vu
902 3524 952 3582 est
973 3532 1038 3590 vn,
1061 3523 1094 3583 et
1111 3513 1159 3581 sic
1177 3514 1322 3601 potentia
1337 3525 1510 3604 quaterna-

421 3643 459 3729 rij
484 3642 574 3710 addit
596 3662 682 3719 vnn,
706 3663 805 3731 super
833 3641 978 3730 potentia
1004 3640 1123 3709 radicis
1144 3639 1186 3708 do
1208 3641 1347 3730 v11‚qui
1369 3661 1511 3708 nouena-

421 3770 490 3834 rius
505 3768 686 3858 quadratus
700 3780 763 3846 est,
783 3780 816 3837 et
830 3770 900 3837 eius
919 3767 1011 3836 radix
1026 3779 1075 3836 est
1091 3788 1132 3835 111.
1154 3769 1214 3834 Per
1231 3767 1410 3836 secundam
1430 3788 1510 3835 uero
1578 3788 1617 3838 2³

423 3895 611 3984 intelligitur
633 3897 825 3986 compositio
854 3896 862 3986 Ι
893 3895 1011 3964 radicis
1035 3908 1069 3964 et
1098 3895 1238 3971 numeri,
1270 3896 1365 3962 cuius
1392 3894 1510 3961 radicis
1542 3938 1656 3984 pm„

422 4023 605 4114 quadratus
627 4035 733 4113 potest
755 4046 854 4114 super
875 4024 1073 4115 quadratum
1094 4025 1195 4113 ipsius
1232 4025 1359 4093 numeri
1393 4043 1509 4090 seeun-

425 4154 506 4221 dum
520 4152 736 4243 quantitatem
752 4152 890 4221 aliouius
902 4152 1028 4220 numeri
1045 4150 1195 4219 habentis
1210 4152 1452 4240 proportionem
1469 4150 1511 4217 ad

426 4278 623 4370 quadratum
648 4276 749 4364 ipsius
772 4277 904 4351 radicis,
922 4298 995 4344 eam
1015 4298 1115 4366 quam
1137 4275 1236 4343 habet
1251 4275 1434 4364 quadratus
1452 4276 1512 4344 nu'-

500 4458 533 4520 lt)
549 4459 629 4518 Sopra
644 4456 667 4506 la
679 4454 767 4517 parola
776 4454 843 4516 tritt,
860 4455 901 4504 nel
913 4455 1001 4505 codice
1012 4455 1180 4505 Ambrosiano
1194 4452 1224 4504 ll.
1238 4452 1268 4502 'lli
1279 4453 1353 4502 Parte
1365 4453 1508 4518 Superiora,

441 4557 536 4607 trovasl
552 4558 579 4607 in
595 4560 720 4607 carattere
737 4555 781 4618 piu
796 4554 892 4616 piccolo
908 4554 927 4604 ι’.
941 4554 1065 4604 recincta.

1273 4652 1288 4703 2
