4175 5792
1451 698 1492 763 l9

409 840 485 916 bus,
505 861 605 928 quam
628 841 713 929 cepit
732 840 872 927 primus,
896 861 970 907 eum
996 841 1171 908 medietate
1188 840 1333 909 eiusdem
1357 846 1493 930 pecunie

409 974 516 1038 minus
539 994 606 1039 una
630 994 665 1039 re
688 981 721 1039 et
744 970 899 1048 dimidia,
919 992 1019 1059 quam
1044 972 1130 1059 cepit
1155 969 1339 1046 secundus,
1364 981 1396 1036 et
1419 992 1494 1037 eum

407 1104 522 1190 quinta
535 1111 627 1189 parte
643 1098 790 1171 eiusdem
806 1100 942 1188 pecunie
960 1099 1069 1165 minus
1086 1119 1152 1166 una
1168 1120 1202 1165 re
1219 1109 1252 1165 et
1268 1100 1384 1187 quinta
1400 1098 1497 1165 unius

410 1228 470 1300 rei,
487 1248 586 1314 quam
607 1225 693 1314 cepit
712 1225 844 1346 tertius,
869 1223 1049 1291 habebitur
1068 1243 1127 1312 pro
1144 1233 1213 1291 tota
1230 1244 1344 1290 eorum
1360 1225 1499 1313 pecunia

342 1438 344 1443 Ι
411 1352 510 1419 semel
534 1349 648 1419 eadem
673 1352 812 1439 pecunia
834 1362 867 1417 et
889 1361 1013 1440 septem
1044 1350 1170 1418 decime
1192 1348 1338 1447 eiusdem
1363 1351 1499 1438 pecunie

413 1480 521 1545 minus
544 1486 620 1544 1111.⁰¹
639 1477 739 1544 rebus
761 1489 793 1545 et
813 1488 939 1567 septem
959 1477 1096 1544 decimis
1114 1477 1211 1545 unius
1233 1478 1289 1544 rei.
1312 1477 1421 1555 Quare
1443 1499 1501 1566 pa-

413 1617 474 1685 tet,
498 1606 587 1695 quod
614 1618 749 1696 septem.
770 1615 813 1672 x.⁶
829 1607 931 1673 totius
950 1606 1087 1694 pecunie
1105 1615 1269 1694 equantur
1286 1615 1430 1694 quatuor
1452 1627 1502 1673 re·
1523 1624 1543 1659 s.
1560 1594 1597 1658 re‘a
1615 1620 1645 1669 eq
1658 1606 1682 1699 ‘J‘

415 1733 477 1800 bus
498 1744 531 1802 et
554 1745 679 1821 septem
698 1732 834 1799 decimis
850 1733 906 1800 rei.
927 1733 969 1797 Et
988 1734 1068 1820 quia
1081 1742 1130 1799 est
1148 1733 1233 1800 sicut
1250 1754 1317 1799 una
1335 1733 1501 1821 quantitas

415 1860 456 1925 ad
491 1861 611 1935 aliam,
637 1860 682 1926 ita
710 1857 880 1947 quodlibet
904 1858 1076 1946 multiplex
1098 1859 1195 1924 unius
1218 1857 1260 1924 ad
1284 1857 1369 1924 idem
1393 1858 1503 1925 multi·
1525 1852 1627 1922 recu.ffi
1640 1850 1700 1932 1⁷05

417 1986 491 2075 plen
525 1987 683 2061 alterius,
723 1986 784 2052 erit
820 2004 898 2073 ergo
934 1984 1110 2072 decuplum
1145 1995 1268 2073 septem
1302 1985 1503 2052 decimarum
1525 1978 1679 2059 sepffitotr

414 2113 561 2180 eiusdem
595 2114 755 2203 pecunie,
788 2113 912 2180 scilicet
945 2112 1134 2201 septuplum
1168 2113 1313 2180 eiusdem
1343 2115 1500 2203 pecunie,

417 2243 535 2330 equale
553 2240 692 2329 decuplo
714 2253 859 2332 quatuor
878 2262 987 2308 rerum
1011 2252 1044 2307 et
1066 2252 1189 2328 septem
1211 2241 1426 2319 decimarum,
1441 2244 1503 2309 sci-

416 2370 492 2436 licet
516 2369 615 2437 rebus
637 2388 740 2450 xcvn;
776 2368 860 2436 vnde
884 2369 910 2434 si
936 2380 1078 2456 ponatur
1111 2389 1179 2435 rem
1212 2389 1291 2436 esse.
1327 2389 1403 2446 vn,
1436 2382 1505 2436 tota

418 2498 558 2585 pecunia
574 2497 645 2564 erit.
665 2516 775 2572 mvn,
791 2497 870 2584 quia
888 2495 1076 2584 septuplum
1094 2496 1195 2584 ipsius
1215 2498 1365 2585 pecunie,
1383 2498 1506 2564 scilicet

415 2623 456 2692 de
479 2644 588 2699 xnvu„
613 2624 798 2713 equabitur.
824 2642 916 2690 xuvu.
942 2622 1058 2699 rebus,
1087 2623 1211 2690 seilicet
1243 2624 1504 2712 multiplicationi

417 2749 457 2816 de
480 2770 571 2817 xcvn.
597 2750 639 2816 in.
664 2769 715 2815 vn.
740 2751 821 2816 Nam
845 2750 963 2840 septies
986 2770 1078 2816 xnvrr.
1114 2762 1190 2818 sunt
1225 2762 1384 2839 quantum
1412 2773 1504 2819 xcvrr.

417 2875 555 2943 vicibus.
580 2896 655 2952 vu,
678 2887 711 2943 et
733 2876 812 2966 quia
835 2877 960 2962 primus
982 2875 1069 2965 cepit
1092 2886 1194 2942 totam
1210 2879 1382 2967 pecuniam
1397 2880 1506 2946 minus

419 3002 553 3073 duabus
576 3003 696 3079 rebus,
721 3003 747 3068 si
772 3001 812 3069 de
837 3013 904 3068 tota
928 3003 1091 3090 pecunia,
1113 3024 1178 3091 que
1199 3014 1258 3070 est.
1282 3025 1397 3082 mun,
1421 3006 1509 3073 aule-

420 3139 535 3195 rantur
558 3132 578 3195 2
604 3150 676 3204 res,
704 3129 837 3195 scilicet.
871 3146 968 3201 mur,
1005 3129 1220 3196 remanebunt
1254 3133 1339 3197 xxx3
1375 3150 1434 3219 pro
1466 3151 1506 3198 eo
1528 3124 1660 3177 ΜΨ·

419 3256 509 3345 quod
531 3257 618 3344 cepit
642 3258 773 3343 primus
796 3259 906 3327 homo.
931 3262 1013 3328 Item
1035 3261 1114 3347 quia
1137 3257 1301 3325 secundus
1323 3259 1408 3347 cepit
1442 3280 1508 3325 me-

421 3384 576 3451 dietatem
595 3384 741 3451 eiusdem
765 3388 902 3474 pecunie
927 3387 1035 3453 minus
1058 3406 1123 3453 una
1148 3406 1182 3451 re
1205 3395 1238 3450 et
1253 3383 1409 3460 dimidia,
1428 3385 1455 3451 si
1471 3383 1512 3451 de

425 3511 600 3580 medietate
622 3514 759 3601 pecunie
774 3534 839 3601 que
853 3523 913 3580 est.
929 3534 1005 3579 xxur
1022 3524 1038 3593 t
1057 3512 1121 3604 (sic)
1140 3484 1307 3580 auferatur
1324 3533 1375 3580 res
1392 3533 1456 3579 una
1480 3524 1512 3578 et

422 3637 572 3716 dimidia,
596 3639 729 3706 scilicet.
753 3661 775 3704 x
795 3650 830 3718 t,
855 3639 1080 3707 remanebunt.
1104 3660 1168 3706 xru.
1193 3660 1253 3729 pro
1268 3659 1308 3706 ec
1322 3637 1410 3728 quod
1427 3639 1513 3725 cepit
1545 3620 1548 3625 ⁸

422 3763 586 3832 secundus
609 3765 718 3833 bomo.
744 3767 868 3833 Rursus
890 3769 969 3855 quia
993 3768 1109 3834 tertius
1133 3767 1231 3833 homo
1255 3767 1341 3855 cepit
1364 3767 1513 3854 quintam

423 3903 549 3979 partem
567 3890 653 3976 dicte
670 3894 806 3980 pecunie
823 3893 932 3959 minus
952 3915 986 3960 re
1004 3914 1071 3960 una
1088 3904 1121 3959 et
1140 3895 1264 3985 quinta.
1282 3893 1313 3960 Si
1333 3892 1374 3959 de
1396 3893 1512 3979 quinta

424 4027 517 4106 partc
543 4019 643 4083 totius
675 4020 813 4105 pecunie
836 4040 901 4108 quc
924 4030 974 4088 est
994 4023 1011 4099 ξ
1033 4023 1054 4087 9
1078 4019 1247 4087 auleratur
1270 4041 1321 4086 res
1343 4029 1376 4085 et
1398 4019 1513 4107 quinta

424 4163 501 4231 pars
524 4143 590 4219 rei,
615 4142 769 4225 scilicet}
790 4149 825 4223 8,
852 4146 1032 4215 remanebit
1056 4150 1068 4212 l
1095 4167 1154 4235 pro
1177 4167 1218 4214 eo
1237 4147 1326 4236 quod
1352 4145 1438 4234 cepit
1453 4157 1517 4212 ter-

426 4270 491 4337 tius
507 4269 616 4337 bomo.
630 4269 755 4338 Additis
771 4294 848 4362 ergo
865 4277 908 4341 33
921 4297 985 4364 que
1005 4275 1011 4364 Ι
1031 4276 1117 4364 cepit
1130 4277 1256 4365 primus
1268 4274 1366 4340 homo
1383 4294 1458 4341 cum
1472 4278 1513 4341 l3
1547 4301 1673 4345 suntme

427 4417 491 4484 que
502 4396 587 4485 cepit
600 4397 764 4465 secundus
776 4409 807 4465 et
820 4420 897 4465 cum
917 4421 983 4467 uno
999 4401 1088 4490 quod
1109 4402 1194 4489 cepit
1208 4400 1336 4474 tertius,
1350 4409 1445 4465 eruut
1462 4400 1515 4473 li,

429 4535 466 4587 ut
490 4545 548 4613 pro
574 4536 642 4592 tota
666 4527 804 4613 pecunia
829 4527 997 4595 inuentum
1024 4529 1093 4595 luit.
1129 4527 1221 4594 Verbi
1245 4527 1369 4614 gratia,
1400 4527 1441 4593 de
1474 4528 1516 4591 33

430 4677 495 4743 que
518 4656 622 4743 repit,
647 4657 773 4744 primus
798 4657 905 4744 posuit
940 4658 971 4721 in
1004 4676 1146 4723 comune
1176 4653 1405 4727 medietatem,
1433 4654 1517 4719 seili-
