4175 5792
1450 701 1597 765 ,53

503 846 628 913 nebunt
651 849 730 922 160,
754 870 819 938 que
840 848 962 916 ducam
987 853 1018 915 io
1043 853 1168 940 b,-que
1192 861 1269 917 sunt
1293 849 1355 917 sub
1374 851 1467 938 uirga
1486 849 1599 938 quarti

501 971 657 1052 hominis,
680 987 777 1043 eruut
801 980 882 1053 800,
899 976 1021 1068 quibus
1044 977 1165 1045 addam
1185 979 1239 1056 23,
1257 999 1322 1068 que
1343 978 1543 1068 proueniunt
1559 998 1600 1044 ax

501 1103 603 1171 ducto
626 1107 639 1171 l
668 1104 758 1194 quod
781 1116 952 1196 estsuper
974 1107 1009 1182 2,
1034 1107 1068 1171 in
1091 1109 1103 1171 1
1131 1107 1220 1197 quod
1239 1117 1289 1174 εει
1306 1127 1406 1195 super
1426 1107 1460 1182 3,
1480 1108 1487 1196 Ι
1507 1103 1596 1193 quod
1626 1127 1743 1173 rot-ome

502 1232 536 1297 in
558 1234 572 1297 1
600 1232 689 1322 quod
712 1244 761 1300 εει
784 1254 882 1322 super
906 1235 941 1312 1,
959 1233 1050 1323 quod
1067 1234 1128 1300 inl
1155 1234 1245 1324 quod
1260 1243 1310 1301 est
1331 1255 1430 1323 super
1455 1235 1489 1309 5,
1506 1232 1596 1323 quod

503 1362 536 1426 in
559 1362 618 1438 23,
649 1373 746 1428 erunt
770 1365 848 1439 823,
871 1383 937 1453 que
960 1362 1186 1450 multiplicabo
1206 1383 1264 1452 per
1287 1365 1323 1439 6,
1346 1384 1411 1452 que
1433 1373 1510 1429 suut
1532 1361 1596 1428 sub

500 1489 594 1578 uirga
616 1491 722 1579 quintj
747 1483 904 1568 hominis,¹
919 1500 1016 1558 erunt
1034 1489 1136 1563 lead.
1156 1513 1220 1581 que
1243 1489 1385 1559 seruabo
1405 1511 1505 1579 super
1525 1490 1595 1580 pri-

501 1637 593 1682 mum
617 1615 797 1696 bominem,
816 1629 849 1686 ει
863 1617 1026 1706 operabor
1048 1617 1197 1684 similiter
1228 1619 1260 1683 in
1293 1617 1425 1707 reliquis
1453 1626 1597 1707 quatuor

418 1813 427 1833 ‚
499 1728 704 1820 hominibus,
729 1742 882 1811 uidelicet
906 1743 1133 1833 multiplicabo
1157 1745 1192 1820 3,
1215 1765 1280 1834 que
1303 1755 1381 1811 suut
1400 1743 1464 1811 sub
1490 1745 1595 1834 uirga.

498 1889 558 1958 per
578 1871 635 1947 15,
654 1881 687 1937 ει
705 1871 818 1937 tollam
836 1872 936 1939 semel
952 1874 1009 1948 18,
1025 1882 1058 1939 ει
1071 1871 1240 1939 residuum
1253 1872 1479 1962 multiplicabo
1492 1893 1550 1961 per
1563 1873 1593 1949 1,

497 1988 594 2062 eruut
617 1999 696 2072 108,
720 1996 841 2085 quibus
864 1996 983 2064 addam
1009 1997 1313 2086 multiplicationem
1332 1997 1372 2065 de
1391 2000 1411 2062 l·
1434 1998 1524 2087 quod
1542 2009 1593 2065 est

496 2144 597 2213 super
615 2126 651 2201 3,
668 2125 699 2190 in
719 2129 732 2191 1
757 2125 847 2214 quod
870 2134 919 2193 est
942 2146 1043 2213 super
1067 2126 1103 2202 1,
1122 2126 1256 2193 ductam
1278 2127 1309 2191 iu
1328 2128 1388 2202 26,
1405 2136 1501 2193 erunt
1518 2127 1594 2203 128,

496 2273 563 2341 que
585 2252 706 2320 ducam
727 2254 759 2319 in
784 2256 819 2328 5,
838 2264 871 2320 ει
888 2254 1002 2321 tollam
1027 2256 1087 2330 23,
1103 2276 1168 2342 que
1191 2254 1329 2320 ueniunt
1352 2276 1391 2320 ex
1414 2275 1481 2321 unc
1505 2254 1595 2344 quod

496 2393 661 2471 estsuper
685 2383 720 2460 1,
736 2383 825 2472 quod
842 2384 875 2450 in
895 2387 907 2451 l
938 2383 1028 2474 quod
1053 2395 1102 2450 εει
1124 2404 1222 2472 super
1247 2386 1282 2459 5,
1298 2382 1386 2473 quod
1410 2383 1444 2449 in
1466 2385 1525 2461 23,
1546 2405 1596 2452 re·

496 2511 677 2578 manebunt
699 2513 787 2588 617,
811 2535 876 2602 que
898 2511 1018 2579 ducam
1048 2514 1081 2578 in
1118 2514 1156 2587 6,
1190 2533 1255 2600 que
1289 2523 1365 2577 sunt
1397 2511 1461 2578 sub
1496 2512 1591 2601 uirga

495 2637 602 2726 quinti
625 2637 780 2716 hominis,
807 2646 903 2706 erunt
926 2642 1028 2717 3762,
1055 2638 1178 2727 quibus
1205 2638 1326 2706 addam
1351 2641 1407 2715 12,
1431 2659 1496 2727 quo
1518 2658 1593 2727 pro·

496 2767 633 2834 ueniunt
655 2789 696 2834 ex
720 2769 752 2844 1,
771 2766 861 2857 quod
884 2779 933 2834 est
957 2787 1056 2865 super
1080 2767 1114 2843 3,
1139 2767 1172 2831 in
1196 2768 1209 2830 1
1240 2764 1329 2855 quod
1355 2776 1404 2835 εει
1428 2786 1529 2855 super
1552 2766 1594 2841 1,

495 2893 586 2984 quod
609 2895 642 2961 in
667 2898 680 2962 l
710 2893 799 2982 quod
823 2907 986 2985 estsuper
1011 2899 1047 2971 5,
1067 2893 1159 2983 quod
1180 2895 1242 2961 inl
1267 2892 1356 2983 quod
1373 2906 1422 2962 εει
1441 2915 1540 2982 super
1558 2897 1594 2971 6,
1635 2985 1638 2992 Ι

494 3023 585 3114 quod
601 3024 635 3089 in
658 3027 715 3100 12,
739 3036 836 3092 crunt
856 3025 959 3100 3711,
982 3045 1047 3112 que
1071 3024 1192 3090 ducam
1216 3024 1249 3088 in
1272 3025 1308 3099 2,
1339 3044 1404 3112 que
1430 3033 1508 3089 sunt
1530 3021 1593 3088 sub

496 3152 591 3241 uirga
615 3152 710 3240 primj
735 3150 889 3226 hominis,
912 3161 1008 3217 erunt
1033 3150 1139 3227 7128,
1165 3172 1230 3238 que
1259 3149 1400 3217 seruabo
1423 3170 1522 3237 super
1544 3169 1594 3215 se-

495 3279 643 3347 cundum
666 3279 843 3346 hominem.
867 3280 992 3346 Rursus
1015 3277 1245 3368 multiplicabo
1277 3277 1312 3354 1,
1336 3299 1402 3366 que
1430 3287 1507 3343 sunt
1528 3275 1592 3343 sub

491 3407 601 3496 uirga,
617 3429 675 3496 per
693 3411 752 3484 18,
772 3419 805 3474 ει
823 3407 935 3473 tollam
959 3406 1059 3473 semel
1091 3408 1148 3483 20,
1173 3405 1340 3472 residuum
1367 3405 1592 3495 multiplicabo

494 3553 553 3622 per
576 3536 612 3610 5,
634 3545 667 3601 ει
688 3534 809 3602 addam
833 3536 890 3610 23,
915 3557 979 3624 que
999 3535 1199 3629 proueniunt
1221 3554 1260 3601 ex
1287 3536 1299 3600 l
1321 3585 1329 3611 ,
1351 3533 1440 3624 quod
1465 3545 1515 3601 est
1536 3557 1591 3602 su-

492 3682 552 3751 per
574 3662 615 3739 1,
641 3663 673 3728 in
697 3667 710 3730 l
736 3662 831 3753 'quod
854 3672 903 3731 εει
925 3684 1025 3752 super
1050 3665 1084 3736 5.
1108 3661 1209 3752 quod„
1224 3663 1256 3728 in
1281 3664 1347 3739 23,
1371 3676 1405 3731 ει
1431 3674 1538 3731 totum
1557 3663 1593 3731 il-

490 3786 551 3855 lud
576 3788 799 3877 multiplicabo
823 3810 882 3880 per
904 3791 940 3864 6,
968 3810 1033 3879 que
1052 3802 1128 3856 sunt
1147 3789 1210 3855 sub
1235 3789 1340 3877 uirga,
1369 3801 1465 3857 erunt
1486 3791 1590 3862 1698.

491 3914 672 4003 dequibus
689 3916 801 3983 tollam
824 3920 880 3994 12,
906 3940 970 4008 que
995 3916 1194 4006 proueniunt
1227 3938 1269 3984 ex
1293 3920 1326 3992 l,
1350 3915 1440 4006 quod
1463 3927 1513 3983 est
1535 3937 1590 3981 su-

492 4064 552 4134 per
576 4044 609 4120 1,
629 4043 694 4109 inl
720 4044 809 4133 quod
821 4058 870 4113 εει
885 4068 984 4136 super
1006 4050 1041 4122 5,
1065 4044 1154 4136 quod
1176 4044 1208 4110 in
1227 4047 1240 4110 l
1264 4042 1354 4134 quod
1369 4053 1419 4111 εει
1434 4062 1534 4131 super
1553 4043 1590 4115 6,

491 4172 582 4262 qood
606 4173 639 4238 in
663 4173 719 4247 12,
737 4171 952 4240 remanebunt
973 4175 1077 4249 1686,
1095 4193 1160 4261 que
1180 4169 1299 4237 ducam
1322 4171 1355 4235 in
1373 4170 1407 4246 2,
1431 4190 1496 4257 que
1513 4178 1591 4236 suot

493 4301 556 4367 suh
568 4302 675 4390 uirga,
690 4310 787 4366 erunt
799 4300 902 4376 3372,
918 4299 1041 4387 quibos
1055 4298 1176 4366 addam
1193 4299 1248 4375 15,
1261 4317 1326 4387 que
1339 4296 1536 4385 proueniunt
1550 4318 1590 4363 ex

493 4432 506 4495 1
533 4427 623 4517 quod
641 4439 690 4495 est
712 4426 942 4514 superbiat
966 4425 1058 4515 quod
1079 4437 1128 4492 est
1145 4445 1244 4513 super
1260 4424 1291 4499 5,
1307 4421 1397 4511 quod
1414 4422 1476 4489 inl
1500 4423 1590 4513 quod

492 4563 651 4641 estsuper
663 4557 695 4630 6,
706 4552 796 4644 quod
809 4553 867 4619 inl
887 4551 976 4642 quod
997 4561 1045 4619 est
1066 4573 1165 4641 super
1184 4553 1216 4628 2,
1229 4547 1320 4640 quod
1336 4549 1367 4614 in
1381 4551 1435 4626 15,
1451 4549 1538 4638 quod
1557 4552 1588 4615 in
