4175 5792
1448 676 1497 763 'u

414 843 653 931 multiplicatur
676 864 733 932 per
758 843 958 932 quadratum
985 867 1180 921 numerum,
1204 846 1309 912 lactus
1332 865 1372 909 ex
1395 842 1504 908 multi·

417 970 594 1059 plicatione
616 969 799 1060 quadratus
813 974 883 1039 erit.
905 973 1014 1051 Quare
1033 973 1187 1062 quadrati
1204 982 1281 1040 sunt
1296 973 1352 1061 qui
1368 970 1452 1037 fiunt
1466 992 1507 1038 ex

414 1098 519 1165 ductu
536 1120 552 1164 c
573 1098 604 1164 in
622 1098 803 1195 quadratos
821 1102 878 1189 qui
897 1100 980 1167 fiunt
996 1122 1016 1166 a
1035 1101 1180 1167 numeris
1199 1123 1217 1182 9
1237 1104 1265 1166 d.
1288 1098 1350 1166 Sed
1368 1099 1507 1165 coniun-

415 1237 490 1293 ctus
503 1248 544 1294 ex
557 1225 728 1316 quadratis
745 1247 959 1295 numerorum
972 1249 993 1314 9
1008 1230 1029 1294 tl
1042 1239 1091 1294 est
1118 1250 1151 1302 a,
1173 1241 1206 1294 et
1222 1248 1263 1294 ax
1285 1248 1301 1292 e
1323 1226 1356 1290 in
1382 1248 1402 1291 z
1431 1244 1506 1312 pro·

414 1353 507 1421 uenit
529 1354 596 1441 cs,
620 1352 709 1442 quod
733 1354 930 1442 opportebat
953 1352 1132 1422 ostendere.

482 1481 635 1548 Similiter
653 1482 679 1547 si
698 1482 825 1547 numeri
844 1505 859 1547 c
879 1506 899 1549 z
915 1482 1069 1571 quadrati
1089 1481 1225 1558 fuerint,
1248 1490 1344 1549 erunt
1362 1480 1416 1567 alij
1439 1480 1506 1547 duo

418 1605 485 1700 (sic)
500 1610 627 1676 numeri
638 1608 805 1698 quadrati,
817 1610 875 1699 qui
887 1612 1052 1678 coniuncti
1066 1611 1208 1679 lacerent
1221 1630 1396 1698 numerum
1407 1632 1423 1675 c
1431 1610 1456 1697 s,
1470 1622 1503 1676 ct

413 1747 493 1801 sunt
507 1737 565 1812 illi,
584 1738 641 1826 qui
657 1736 888 1826 egrederentur
898 1759 939 1805 ex
954 1738 1057 1805 ductu
1074 1761 1093 1805 z
1109 1739 1143 1805 in
1156 1737 1328 1828 quadratis
1346 1737 1403 1826 qui
1418 1735 1503 1803 fiunt

415 1883 436 1928 a
456 1865 601 1930 numeris
618 1886 640 1931 o
656 1870 690 1940 b,
704 1877 737 1931 at
755 1886 795 1932 ex
818 1864 920 1933 ductu
942 1887 958 1931 e
981 1865 1013 1930 in
1036 1864 1208 1954 quadratis
1226 1865 1283 1954 qui
1308 1863 1391 1930 fiunt
1409 1869 1429 1932 a
1446 1888 1506 1931 nu·
1572 1933 1574 1936 ,
1682 1912 1684 1918 -

414 1992 514 2058 meris
530 2013 551 2080 9
566 1993 602 2072 d;
621 2002 668 2070 et,
688 1994 774 2060 sicut
790 1993 871 2071 dixi,
890 1995 916 2060 si
932 2015 1020 2061 unus
1038 2017 1079 2061 ex
1093 1995 1238 2062 numeris
1252 2016 1267 2060 e
1284 2019 1304 2061 z
1324 1995 1507 2084 quadratus

414 2120 524 2196 tuerit,
543 2131 683 2208 equatur
702 2142 858 2188 numerus
881 2144 897 2187 c
914 2122 935 2209 s
943 2132 994 2210 ‚tor
1012 2121 1143 2190 duobus
1162 2121 1301 2189 diuersis
1319 2121 1504 2210 quadratis;

414 2260 450 2315 ot
468 2248 495 2314 si
514 2249 613 2316 ambo
635 2248 788 2338 quadrati
812 2248 945 2324 fuerint,
963 2248 1141 2337 equabitur
1160 2269 1318 2315 numerus
1332 2271 1348 2314 c
1362 2249 1382 2335 s
1388 2259 1505 2339 quater

414 2372 547 2441 duobus
568 2373 708 2442 diuersis
729 2374 910 2463 quadratis.

368 2505 370 2509 ’
483 2501 634 2568 quenire
657 2501 722 2568 alio
746 2501 844 2568 modo
866 2501 1066 2591 quadratum
1086 2523 1275 2577 numerum,
1299 2503 1354 2591 qui
1374 2502 1505 2570 duobus

417 2626 590 2716 quadratis
612 2631 757 2696 numeris
791 2641 953 2719 equatur;
990 2630 1162 2697 adiaceant
1186 2638 1251 2696 1111⁰¹
1273 2631 1401 2697 numeri
1431 2651 1505 2720 pro

413 2757 614 2845 portionales
637 2780 672 2834 c,
697 2763 727 2834 l,
749 2780 783 2846 9,
808 2760 830 2824 d
853 2758 912 2851 (l),
935 2769 1011 2826 utu
1033 2759 1166 2847 quidem
1185 2758 1226 2826 ad
1252 2762 1283 2834 b,
1308 2760 1353 2825 ita
1370 2780 1391 2846 9
1410 2758 1452 2825 ad
1469 2758 1503 2834 d,

411 2895 447 2950 et
462 2886 663 2974 compositus
685 2908 725 2953 cx
746 2886 915 2976 quadratis
934 2908 1147 2955 numerorum
1166 2891 1219 2955 cb
1242 2898 1312 2955 esto
1336 2910 1365 2963 c,
1390 2908 1503 2955 nume·

414 2989 533 3078 rorum
555 3034 688 3105 quoque
707 3037 728 3102 9
751 3016 773 3080 d
792 3027 862 3081 esto
884 3039 926 3092 z,
950 3026 983 3083 et
1001 3016 1237 3105 multiplicetur
1258 3017 1322 3082 cin
1338 3039 1359 3083 n
1374 3027 1406 3083 ot
1425 3034 1502 3104 pro-

413 3142 525 3209 ueniet
542 3163 558 3206 c
575 3141 596 3228 s
611 3139 677 3233 (2),
701 3140 775 3207 dico
793 3143 948 3230 quoniam
964 3165 981 3208 c
997 3143 1079 3230 [est
1101 3141 1299 3232 quadratus,
1323 3152 1355 3208 et
1378 3141 1503 3230 equalis

413 3269 602 3337 coniunctio
622 3291 661 3335 ex
679 3269 810 3336 duobus
829 3269 1015 3359 quadratis,
1040 3268 1128 3358 quod
1153 3270 1200 3336 sic
1220 3268 1401 3361 probatur;
1422 3290 1462 3335 ex
1483 3288 1504 3333 c

413 3395 548 3484 quidem
571 3398 603 3461 in
619 3417 640 3483 9
657 3399 830 3486 proueniat
853 3409 865 3464 t
885 3398 921 3473 a,
940 3409 1030 3465 etex
1049 3400 1067 3463 b
1085 3397 1160 3464 ind
1181 3396 1352 3486 proueniat
1375 3396 1396 3462 lr
1418 3395 1444 3473 l,
1467 3407 1501 3463 ot

413 3526 584 3592 axciud
601 3527 773 3614 proueniat
792 3547 872 3603 mo,
897 3537 930 3592 et
946 3528 1023 3592 exb
1047 3527 1080 3591 in
1098 3526 1408 3614 9proucniatoc;
1427 3525 1502 3593 dico

413 3653 559 3741 primum
580 3652 670 3742 quod
693 3674 849 3720 numerus
871 3675 903 3718 m
924 3676 947 3718 o
969 3673 1106 3720 numero
1124 3675 1147 3718 o
1164 3676 1181 3720 o
1200 3664 1250 3721 est
1272 3654 1409 3743 equalis:
1427 3664 1503 3721 sunt

412 3781 499 3847 enim
516 3780 777 3869 proportionales
795 3781 923 3847 numeri
943 3802 979 3858 a,
1002 3784 1032 3858 b,
1048 3802 1083 3869 9,
1102 3782 1124 3848 d
1142 3783 1175 3849 in
1193 3805 1253 3860 ea,
1278 3805 1380 3874 quam
1404 3782 1504 3851 habet

413 3930 436 3975 c
453 3909 496 3976 ad
524 3912 556 3985 b,
573 3912 799 3998 proportione.
823 3910 933 3988 Quare
955 3910 1183 4000 multiplicatio
1205 3934 1245 3980 ex
1268 3935 1288 3980 c
1312 3915 1344 3979 in
1363 3914 1385 3978 d
1402 3932 1502 4001 equa·

415 4049 471 4104 tur
493 4037 758 4127 multiplicationi
782 4059 822 4105 ax
846 4041 863 4104 l
887 4039 919 4103 in
940 4060 982 4126 9,
1006 4039 1070 4105 hoc
1092 4050 1141 4106 est
1163 4061 1318 4108 uumerus
1340 4061 1372 4106 m
1395 4062 1417 4105 o
1443 4059 1504 4105 uu-

414 4183 506 4232 mero
528 4185 551 4228 n
572 4188 610 4239 o.
636 4165 778 4252 reliquos
793 4186 873 4232 uero
895 4165 979 4233 duos
1002 4186 1155 4234 numeros
1174 4167 1341 4256 inequales
1356 4186 1427 4232 essa
1446 4164 1501 4233 de·

415 4289 622 4367 monstrabo,
646 4290 811 4358 scilicatl
840 4301 850 4355 t
877 4304 908 4357 et
938 4296 958 4358 k
987 4293 1018 4373 l;
1042 4316 1145 4384 quare
1168 4306 1218 4362 ast
1248 4295 1332 4361 sicut
1355 4314 1376 4360 o
1397 4292 1438 4360 ad
1463 4295 1501 4368 b,

488 4478 521 4537 (t)
537 4478 603 4528 Vedi
619 4478 670 4541 Fig.
690 4479 727 4528 lb.

488 4577 522 4639 (ἲ)
541 4579 605 4628 Vedi
621 4579 672 4642 Fig.
692 4578 728 4631 ta.
