4175 5792
1520 708 1583 772 ltu

491 859 669 940 postquam
685 849 746 918 hec
769 853 880 919 omnia
896 851 1119 921 demonstrata
1137 865 1226 930 suot,
1251 853 1423 922 redeamus
1447 852 1488 920 ad
1508 875 1587 942 que-

491 980 632 1047 stionem
654 978 867 1069 phylosophi,
886 991 920 1048 at
943 980 1161 1069 procedamus
1179 981 1325 1070 predicto
1350 980 1461 1056 modo,
1481 980 1586 1047 donec

490 1106 675 1176 habeamus
697 1106 786 1197 quod
807 1128 926 1177 census
952 1121 985 1178 et
1004 1108 1098 1177 radix
1120 1120 1152 1176 at
1176 1111 1218 1177 32
1236 1118 1400 1198 aquantur
1422 1105 1584 1198 quadrato
1620 1102 1624 1109 ’

490 1232 534 1301 de
557 1234 746 1302 3631313113
767 1235 940 1304 uideamus
963 1250 1044 1327 quot
1068 1237 1194 1304 radices
1213 1247 1289 1304 sunt
1313 1239 1355 1305 32
1373 1235 1498 1307 (13311,
1522 1235 1586 1303 hoc

489 1360 651 1450 estquod
674 1360 863 1430 diuidamus
886 1367 929 1433 32
954 1388 1011 1455 per
1034 1365 1177 1434 radicem
1196 1364 1238 1432 de
1256 1368 1328 1441 36,
1352 1365 1481 1433 venient
1502 1362 1587 1431 radi-

490 1508 547 1556 ces
569 1490 586 1571 ξ
608 1490 640 1556 5.
663 1502 697 1558 et
719 1502 852 1581 propter
874 1484 954 1571 hoc,¹
976 1505 1014 1560 ut
1041 1495 1248 1561 inueniamus
1284 1493 1479 1559 solutionem
1515 1511 1586 1578 pre-

490 1615 579 1703 dictq
590 1619 771 1708 questionis
783 1621 817 1686 in
829 1621 937 1710 posita
949 1623 1158 1710 proportione
1174 1623 1273 1687 trium
1284 1620 1522 1709 quadratorum
1539 1618 1584 1711 (l)

490 1745 775 1835 supradictorum,
798 1748 921 1815 scilicet
938 1747 979 1814 de
995 1750 1038 1816 36
1057 1759 1090 1815 et
1109 1747 1150 1815 de
1174 1749 1218 1814 64
1240 1760 1273 1814 et
1296 1746 1337 1814 de
1360 1749 1436 1814 576.
1460 1756 1587 1836 oportet

492 1885 532 1941 ut
556 1875 763 1943 inueniamus
784 1874 984 1965 quadratum
1008 1877 1173 1965 aliquem,
1195 1876 1237 1943 de
1259 1897 1326 1966 quo
1361 1875 1515 1942 extractis
1538 1895 1589 1940 ra·

491 2000 623 2068 dicibus
646 2003 715 2083 111.
737 2002 853 2091 ipsius,
874 2012 1040 2070 ramaneat
1064 2025 1221 2071 numerus
1242 2003 1299 2091 qui
1333 2011 1526 2090 procreatur
1547 2022 1588 2068 ex

492 2128 765 2218 multiplicatione
788 2129 950 2198 dictorum
970 2151 1182 2198 numerorum
1204 2128 1425 2220 inequalium,
1444 2147 1587 2217 quorum

492 2259 601 2326 maior
624 2258 733 2326 addat.
747 2262 889 2347 isuper
904 2257 1074 2360 minorem.
1093 2257 1188 2338 Quod
1208 2258 1411 2326 inueniemus
1425 2257 1451 2324 si
1472 2248 1588 2346 posue·

492 2390 598 2456 rimus
620 2409 795 2456 numerum
818 2389 943 2478 aliquot
965 2377 1114 2454 radicum
1150 2383 1495 2476 superhabundantem
1517 2405 1589 2472 pre-

490 2514 599 2584 dictas
624 2506 788 2599 radices}
813 2519 844 2582 5.
865 2516 960 2595 Quod
979 2514 1111 2606 quidem
1136 2535 1311 2604 possumus
1334 2513 1439 2580 lacere
1461 2514 1494 2580 in
1517 2510 1588 2578 infi-

491 2643 570 2711 nitis
594 2644 708 2712 modis.
733 2643 823 2711 Vnda
845 2665 1007 2733 ponamus
1029 2643 1071 2711 ad
1095 2642 1223 2710 libitum
1244 2640 1379 2708 radices.
1405 2636 1587 2706 7313131-

490 2770 623 2838 damus.
655 2773 686 2837 7.
717 2772 748 2838 in
771 2771 855 2838 duas
877 2781 1007 2859 partes,
1029 2791 1172 2861 quarum
1197 2789 1262 2836 una
1286 2767 1395 2834 addat.
1435 2771 1465 2833 l.
1488 2786 1587 2854 super

491 2897 650 2977 alteram,
672 2910 836 2990 eruntque
860 2901 880 2966 3
903 2900 1014 2976 311,
1038 2909 1071 2966 31
1094 2898 1330 2986 multiplicetur
1354 2898 1373 2963 3
1397 2917 1455 2984 per
1478 2896 1518 2978 l,
1544 2896 1589 2962 fa-

549 3155 584 3213 (1)
600 3152 647 3203 Cio
663 3155 710 3203 che
725 3155 746 3205 si
765 3155 837 3218 legge
849 3154 918 3204 nella
929 3157 1047 3215 presente
1058 3155 1150 3216 pagina
1160 3153 1213 3215 (lin.
1224 3152 1309 3214 6-11),
1327 3152 1394 3201 dalla
1406 3155 1475 3200 terzo
1486 3152 1579 3201 lettera

501 3252 570 3304 dalla
586 3253 673 3313 parola
689 3253 861 3311 tuucuicmus,
879 3253 931 3302 1133
947 3268 961 3303 3
977 3257 1042 3303 13113
1059 3253 1083 3303 13
1106 3253 1193 3314 parola
1214 3252 1382 3313 loquatium,
1406 3251 1487 3300 forma
1507 3250 1530 3298 le
1548 3248 1581 3298 li·

501 3367 550 3405 nee
560 3353 619 3404 8-11
633 3355 700 3404 della
711 3358 780 3404 carta
791 3353 822 3404 38
832 3367 903 3404 uerso
913 3355 955 3404 del
966 3352 1061 3403 Codice
1073 3354 1240 3404 ambrosiano
1258 3353 1289 3412 E,
1304 3353 1343 3412 15,
1355 3353 1431 3402 Porto
1441 3352 1578 3414 superiora.

499 3456 592 3506 Presso
606 3469 620 3505 a
635 3462 725 3518 queste
741 3459 843 3519 quattro
852 3456 935 3517 11333,
953 3457 992 3506 331
1004 3455 1117 3519 margine
1128 3456 1233 3507 laterata
1245 3458 1348 3505 esterno
1359 3455 1426 3505 della
1440 3454 1578 3505 medasima

500 3560 572 3607 carta
587 3557 720 3617 3833133,
738 3557 760 3607 sl
776 3559 849 3606 trova
866 3557 890 3606 la
907 3560 1029 3619 segueote
1044 3557 1163 3618 postilla.

896 3693 1197 3991 “ill

551 4036 589 4087 Un
605 4049 684 4100 segoo
701 4038 724 4086 al
742 4042 806 4088 tutto
822 4039 903 4089 simile
920 4052 934 4086 a
951 4041 1036 4100 quello
1053 4043 1212 4092 contenulo'
1207 4055 1232 4090 ι3
1248 4043 1338 4104 questa
1360 4036 1459 4108 postilla
1485 4031 1580 4082 trovast

502 4138 543 4187 fra
561 4134 585 4187 la
602 4138 668 4188 linea
684 4145 771 4190 ottava
785 4155 800 4192 3
816 4157 882 4193 3333
895 4142 937 4193 del
947 4143 1085 4194 medesimo
1100 4157 1185 4206 uerso,
1203 4144 1385 4205 precisamante
1402 4149 1474 4188 come
1485 4135 1527 4184 nal
1540 4145 1580 4182 se-

502 4239 597 4298 guenta
612 4236 767 4292 lac-simile:

497 4394 730 4619 'gwy
661 4376 1578 4625 wgtffiossffwsss
