4175 5792
1514 697 1579 763 l05

491 858 630 905 numero
650 840 677 926 4,
702 840 823 907 scilicet
841 862 939 928 super
955 842 1153 931 quadratum
1171 846 1197 919 4,
1220 855 1362 931 quatuor
1381 843 1577 917 octonarios,

492 964 617 1031 scilieet
639 965 819 1032 secundum
843 968 1059 1054 quantitatem
1081 970 1259 1046 unitatum,
1282 990 1347 1058 que
1371 980 1447 1038 sunt
1467 971 1499 1035 in
1518 992 1578 1035 nu·

494 1112 587 1160 mero
609 1093 649 1175 b;
673 1115 776 1182 quare
797 1095 965 1182 proportio
989 1093 1168 1179 differentia
1201 1118 1266 1186 que
1300 1106 1347 1163 654
1383 1098 1466 1162 inter
1495 1115 1577 1185 qua-

494 1219 607 1287 dratos
629 1221 691 1297 tt,
714 1220 755 1285 ad
778 1220 1009 1299 differentiam,
1034 1244 1099 1311 que
1121 1235 1169 1290 654
1194 1225 1276 1291 inter
1298 1223 1478 1312 quadratos
1500 1227 1513 1288 i
1536 1226 1574 1297 lt,

493 1356 545 1412 est
565 1347 649 1414 siout
670 1369 691 1413 o
714 1347 755 1414 ad
781 1348 814 1423 b,
836 1347 899 1415 hoc
922 1362 970 1416 est
993 1350 1088 1416 siout.
1101 1351 1133 1415 3.
1146 1350 1187 1415 ad
1212 1351 1241 1416 4,
1267 1353 1308 1417 Ε4
1331 1354 1357 1417 54
1382 1372 1576 1418 numeroso

492 1485 587 1541 esset.
606 1478 682 1552 to,
706 1487 738 1543 et
756 1476 783 1542 b.
802 1480 871 1552 44.,
895 1476 1075 1544 secundum
1094 1498 1133 1544 ea
1147 1499 1211 1566 que
1227 1477 1313 1546 dieta
1329 1489 1419 1556 sunt,
1442 1478 1580 1547 addendi

495 1592 604 1667 essent
625 1601 721 1667 simul
745 1606 799 1669 40.
811 1615 843 1669 64
869 1606 921 1670 44.
938 1616 970 1671 64
993 1608 1052 1681 24,
1076 1627 1141 1694 que
1159 1604 1232 1685 inda
1253 1608 1448 1696 proueniunt
1472 1619 1578 1674 essent

496 1727 591 1795 radix
614 1729 752 1816 medianj
772 1729 945 1818 quadrati:
965 1754 1079 1821 quare.
1093 1735 1146 1800 49.
1159 1734 1219 1800 erit
1236 1733 1329 1800 radix
1345 1735 1477 1800 minoris
1499 1755 1579 1822 qua-

497 1855 598 1932 drati,
622 1866 654 1922 et
677 1861 719 1924 23
743 1859 804 1924 erit
827 1859 919 1925 radix
938 1860 1078 1926 maioris.
1103 1862 1184 1926 Sunt
1204 1862 1290 1928 enim
1307 1864 1359 1928 49.
1372 1872 1404 1928 64
1423 1865 1458 1929 24
1486 1874 1517 1929 64
1537 1863 1579 1928 23
1653 1836 1656 1841 ⁸

496 1984 644 2049 continui
656 1985 809 2073 impares,
820 1995 852 2051 et
864 1995 922 2051 est.
939 1988 991 2053 24.
1004 1985 1150 2052 decimus
1164 2007 1319 2054 numerus
1332 1987 1437 2076 impar
1449 1987 1492 2053 ab
1506 1987 1578 2053 uni-

497 2119 576 2176 tate.
588 2110 695 2187 Quare
713 2111 894 2198 quadratus
911 2112 967 2200 qui
982 2112 1016 2177 [it
1032 2113 1074 2179 ab
1094 2113 1175 2200 ipso.
1188 2110 1223 2180 24
1235 2163 1241 2179 .
1254 2113 1385 2180 scilicet.
1401 2112 1457 2179 444
1469 2162 1477 2177 .
1489 2110 1578 2178 addit

497 2254 597 2322 super
619 2234 817 2323 quadratum
841 2238 897 2326 qui
921 2236 958 2301 fit
981 2238 1008 2302 4.
1034 2240 1087 2304 ta.
1112 2239 1233 2305 scilicet
1252 2259 1350 2326 super
1369 2240 1443 2304 364.
1467 2236 1578 2304 decem

498 2361 694 2426 octonarios.
731 2363 772 2426 Et
806 2361 987 2450 quadratus
1020 2363 1076 2451 qui
1109 2361 1146 2428 fit
1170 2368 1188 2429 4
1211 2363 1264 2429 23.
1289 2383 1363 2429 eum
1387 2362 1429 2428 sit
1451 2360 1582 2428 undeci-

500 2507 576 2552 mus
598 2507 754 2554 numerus
777 2490 883 2576 impar
905 2489 947 2555 ab
969 2491 1113 2566 unitate,
1139 2489 1228 2558 addit
1251 2510 1348 2578 super
1382 2487 1580 2579 quadratum

498 2612 557 2700 qui
581 2611 617 2677 fit
640 2617 660 2678 a
681 2614 746 2692 24,
769 2615 890 2681 scilicet
912 2618 989 2693 529,
1008 2637 1105 2707 super
1126 2616 1182 2683 444
1209 2615 1360 2683 undecim
1379 2614 1579 2693 octonari0s;

498 2758 602 2826 quare
616 2734 819 2819 differentia,
844 2763 909 2830 qne
924 2752 972 2808 654
987 2744 1071 2809 inter
1090 2745 1147 2811 364
1178 2754 1210 2808 64
1234 2742 1329 2819 444,
1354 2743 1485 2814 seilicet.
1503 2744 1555 2809 80.
1574 2794 1581 2819 ,

499 2878 550 2934 est
573 2867 614 2934 ad
639 2867 873 2947 differentiam,
898 2892 962 2959 que
987 2882 1035 2938 est
1059 2873 1142 2939 inter
1165 2873 1221 2938 444
1252 2883 1283 2938 64
1318 2873 1391 2939 529.
1424 2872 1430 2959 Ι
1460 2871 1580 2937 scilicet
1603 2888 1734 2932 rotomo

499 2993 543 3059 ad
569 2997 621 3061 88.
645 2996 740 3061 sicut.
754 2999 795 3061 40
816 2996 856 3062 ad
873 2998 1022 3063 ll.Nam
1039 3019 1139 3085 quam
1156 2996 1397 3087 proportionem
1413 2993 1521 3062 habet.
1539 2997 1581 3060 80

499 3122 543 3188 ad
580 3126 633 3189 88.
668 3123 817 3190 eamdem
851 3123 951 3190 hahet
972 3127 988 3202 l
1009 3125 1050 3191 de
1073 3128 1127 3191 80.
1140 3123 1180 3190 ad
1202 3127 1217 3202 4
1240 3123 1280 3191 de
1302 3127 1354 3190 88.
1383 3123 1505 3189 scilicet
1540 3124 1581 3186 40

501 3250 544 3318 ad
570 3254 634 3327 44,
658 3252 745 3341 quod
770 3251 942 3340 oportebat
965 3251 1144 3319 ostendere.
1599 3254 1602 3261 '

568 3380 614 3444 Er
637 3381 663 3446 si
698 3400 762 3446 non
786 3389 861 3446 sunt
884 3380 1008 3446 numeri
1033 3403 1053 3445 o
1078 3380 1095 3445 b
1120 3377 1163 3469 (ll
1190 3379 1356 3454 continui,
1390 3388 1484 3442 erunt
1520 3378 1578 3464 ipsi

499 3509 629 3574 numeri
653 3518 709 3574 aut
733 3509 873 3595 impares
900 3507 1119 3585 collaterales,
1157 3519 1214 3573 aut
1249 3525 1323 3571 non.
1348 3505 1417 3570 Sint
1440 3505 1581 3593 primum

499 3634 702 3701 collaterales
726 3635 866 3723 impares
881 3684 888 3710 ‚
904 3644 936 3701 et
950 3636 1105 3723 quoniam
1128 3633 1299 3723 quadrati,
1323 3631 1379 3720 qui
1399 3634 1508 3697 suntin
1527 3650 1582 3719 pa-

502 3760 595 3827 ribus
622 3762 787 3837 numeris,
815 3760 962 3827 ordinate
996 3761 1174 3830 ascendunt
1207 3782 1264 3849 per
1296 3758 1581 3848 quadruplicatam

501 3890 723 3956 ascensionem
749 3891 923 3978 imparium
948 3911 1180 3967 numerorum,
1203 3903 1240 3955 ut
1264 3890 1317 3967 4.,
1352 3892 1407 3979 qui
1430 3901 1478 3957 est
1502 3910 1583 3979 qua-

500 4015 616 4082 dratus
639 4017 776 4104 binarij‚
802 4019 923 4085 scilicet
946 4020 1040 4108 primj
1067 4019 1153 4108 paris
1177 4018 1328 4094 numeri,
1357 4020 1412 4106 qui
1437 4015 1582 4084 ascendit

501 4164 561 4231 per
583 4144 798 4230 quantitatem
822 4145 920 4211 unius
943 4145 1166 4233 quaternarij‚
1188 4156 1219 4211 et
1244 4147 1320 4219 to,
1344 4145 1400 4233 qui
1424 4153 1473 4211 est
1504 4163 1584 4231 qua-

500 4270 616 4338 dratus
639 4273 772 4339 secundi
794 4273 881 4360 paris
896 4273 1043 4349 numeri,
1062 4272 1184 4340 scilicet
1200 4272 1420 4362 quaternarij,
1440 4270 1497 4359 qui
1513 4290 1583 4334 sur-

500 4400 549 4487 git
572 4420 629 4488 per
662 4399 946 4489 quadruplicatam
981 4402 1200 4470 ascensionem
1236 4400 1376 4466 duorum
1411 4397 1583 4486 imparium

576 4658 608 4717 dt
627 4658 690 4706 vun
709 4658 763 4721 ng.
778 4659 817 4708 aa.
1326 4718 1356 4768 n
