4175 5792
542 696 584 759 88

540 839 655 907 cidunt
678 842 760 907 inter
783 860 937 908 numeros
959 844 979 908 lc
1000 864 1022 908 o
1044 853 1076 911 et
1100 846 1119 908 lr
1143 865 1182 923 c,·
1214 853 1247 908 ει
1274 850 1353 909 sunt
1385 839 1533 908 continui
1559 859 1634 906 cum

541 969 723 1057 imparibus
738 971 796 1060 qni
819 981 896 1037 sunt
918 972 1003 1038 inter
1026 974 1047 1038 lc
1069 973 1089 1039 t
1111 982 1144 1039 et
1166 974 1186 1037 lt
1208 993 1250 1048 a,
1275 984 1313 1036 ut
1336 967 1550 1058 prediximus.
1575 963 1636 1032 &d

540 1120 580 1165 ex
594 1100 740 1167 numeris
764 1098 947 1189 imparibus
965 1101 1022 1189 qui
1045 1111 1123 1167 sunt
1147 1102 1232 1167 inter
1254 1099 1276 1164 le
1297 1120 1319 1165 o
1338 1099 1409 1165 etlr
1432 1119 1448 1164 c
1471 1095 1636 1184 colligitur

540 1249 698 1295 numerus
717 1249 740 1314 p
758 1251 798 1312 q,
819 1250 895 1297 cum
916 1229 958 1294 sit
976 1230 1065 1296 circa
1080 1250 1254 1296 numerum
1274 1227 1353 1293 lm.
1370 1227 1458 1316 Ergo
1476 1247 1519 1293 ex
1533 1223 1636 1292 omni·

543 1355 606 1423 bns
624 1356 820 1445 imparibus,
839 1358 986 1446 quisunt
1005 1356 1049 1423 ab
1068 1357 1194 1424 unitate
1209 1377 1313 1447 usque
1334 1358 1366 1423 in
1383 1376 1560 1423 numerum
1575 1352 1636 1431 leo,

541 1484 694 1570 prouenit
713 1475 870 1551 numerus
887 1506 906 1550 r
924 1507 961 1574 q;
983 1505 1061 1572 ergo
1081 1483 1263 1574 quadratus
1276 1495 1327 1553 est
1344 1505 1505 1551 numerus
1521 1505 1540 1550 r
1554 1506 1591 1573 9,
1606 1494 1637 1551 ει

541 1619 591 1675 εει
618 1611 689 1677 eius
718 1610 811 1677 radix
834 1613 991 1680 medietas
1010 1614 1137 1682 numeri
1161 1617 1181 1679 lc
1215 1634 1241 1678 c.
1270 1614 1357 1702 Ergo
1381 1632 1567 1702 congruum
1590 1619 1636 1678 est

541 1742 768 1830 unusquisque
802 1764 1015 1810 numerorum
1051 1765 1069 1809 o
1094 1766 1139 1831 p,
1173 1754 1206 1810 et
1235 1765 1261 1831 p
1289 1763 1331 1830 9,
1365 1749 1404 1806 ιιι
1436 1737 1637 1826 prediximus

543 1866 700 1934 inuentus
722 1868 855 1958 quidem
879 1892 1036 1937 numerus
1060 1881 1131 1946 εει,
1155 1869 1278 1937 scilicet
1302 1890 1326 1956 p
1351 1889 1392 1956 9,
1423 1884 1492 1954 quo
1524 1863 1634 1931 addito

543 2014 643 2082 super
664 1994 887 2083 quadratum,
906 1997 1029 2064 scilicet
1052 2019 1151 2086 super
1168 2019 1188 2062 r
1205 2018 1240 2081 p,
1259 1996 1336 2062 iacit
1357 1992 1559 2084 quadratum
1579 2013 1638 2058 nu·

544 2142 695 2199 merum,
720 2124 776 2211 qui
799 2135 848 2191 est
866 2147 886 2190 r
907 2146 942 2212 9,
963 2138 996 2192 et
1018 2124 1180 2192 diminuto
1205 2126 1289 2213 ipso,
1313 2123 1437 2190 scilicet
1468 2143 1492 2209 p
1510 2142 1552 2210 9,
1576 2118 1637 2185 hoc

544 2260 592 2316 est
610 2273 628 2317 o
643 2275 678 2339 p,
698 2274 738 2319 ex
760 2253 875 2320 eodem
895 2252 1075 2343 quadrato,
1095 2253 1218 2320 scilicet
1237 2273 1278 2318 ex
1299 2272 1370 2335 rp,
1392 2259 1542 2317 remanet
1558 2266 1639 2337 qua·

543 2374 671 2452 dratus,
691 2378 812 2446 scilicet
831 2402 849 2446 r
867 2402 900 2456 o,
921 2379 1009 2468 quod
1033 2379 1229 2468 opportebat
1248 2378 1364 2445 iacere.
1388 2377 1459 2455 Quo
1476 2376 1578 2443 etiam
1599 2383 1635 2441 ut

542 2502 662 2570 clarius
679 2505 865 2583 uideantur,
890 2527 1010 2593 ponam
1030 2526 1203 2572 numerum
1224 2504 1288 2570 ab.
1309 2505 1340 2570 3.
1361 2521 1538 2569 numerum
1557 2518 1640 2589 quo

544 2653 608 2719 que
628 2635 646 2697 b
661 2655 692 2719 9,
714 2636 743 2698 5,
759 2655 766 2711 ;
782 2653 886 2721 quare
903 2642 991 2698 totus
1006 2654 1027 2697 o
1042 2654 1063 2719 9
1083 2633 1154 2697 erit.
1170 2634 1200 2697 8.
1217 2681 1223 2707 ‚
1245 2628 1413 2696 residuum
1431 2646 1568 2721 quoque
1586 2626 1609 2691 d
1619 2646 1640 2714 9

545 2769 604 2823 est.
627 2761 681 2826 2.:
707 2779 801 2846 pares
825 2765 911 2826 enim
935 2771 1013 2826 sunt
1037 2759 1209 2826 numerio
1239 2779 1259 2844 9
1289 2760 1365 2824 etd
1393 2777 1436 2842 9.·
1473 2776 1514 2821 ex
1538 2753 1643 2820 ductu

546 2885 681 2975 quidem
706 2891 726 2952 d
744 2909 765 2974 9
788 2888 821 2952 in
847 2890 898 2974 dp
921 2889 1082 2974 prouenit.
1103 2888 1179 2959 lo,
1205 2896 1238 2952 ει
1256 2906 1295 2951 ex
1314 2881 1458 2950 ductud
1476 2901 1498 2968 9
1523 2880 1557 2944 in
1578 2879 1641 2945 ul

546 3013 707 3101 prouenit.
727 3017 780 3095 6.;
805 3035 882 3102 ergo
900 3034 950 3080 ez
971 3024 1030 3082 est.
1053 3016 1105 3080 lll.
1126 3024 1194 3080 etz
1213 3015 1300 3078 iest.
1323 3015 1354 3077 6.
1376 3012 1434 3077 Est
1450 3029 1530 3099 ergo
1552 3009 1639 3075 sicut

548 3140 597 3224 dp
616 3141 656 3207 ad
678 3164 743 3226 po,
763 3143 809 3209 ita
827 3164 843 3208 e
860 3166 878 3208 z
898 3143 938 3210 ad
957 3147 1013 3217 ei,
1036 3140 1098 3207 hoc
1113 3151 1160 3207 est
1177 3141 1272 3206 sicut.
1292 3142 1322 3205 5.
1335 3137 1375 3204 ad
1390 3140 1440 3214 3.,
1457 3138 1513 3203 ἰιε.
1528 3141 1574 3205 lo
1589 3135 1642 3204 ad.

548 3271 595 3345 6.,
615 3279 647 3336 et
664 3272 706 3337 lo
725 3283 774 3337 est
792 3292 950 3338 numerus
969 3271 1074 3359 prime
1091 3265 1308 3333 multitudinis
1324 3265 1500 3352 imparium
1522 3265 1643 3333 iacien-

549 3396 630 3461 tium
654 3418 852 3485 congruum,
870 3409 912 3464 et.
934 3401 965 3464 6.
996 3408 1045 3463 εει
1065 3415 1221 3461 numerus
1243 3390 1395 3459 secundm
1419 3391 1642 3459 multitudinis

548 3522 733 3591 iacientium
756 3525 851 3591 idem.
872 3527 953 3591 Item
969 3546 1009 3590 ex
1027 3524 1130 3589 ductu
1147 3541 1197 3608 α9
1216 3522 1248 3585 in
1257 3541 1278 3606 9
1296 3523 1360 3586 bet
1376 3519 1409 3584 in
1426 3522 1493 3595 llo,
1510 3517 1577 3587 hoc
1593 3528 1645 3587 est

549 3669 597 3715 ex.
611 3652 642 3715 8.
660 3651 703 3714 in.
719 3654 794 3718 5.·ει
806 3654 848 3716 in.
861 3654 891 3717 3.
905 3650 1103 3739 proueniunt
1120 3651 1194 3713 lrm.
1209 3648 1261 3712 ill.
1278 3657 1310 3713 et
1330 3649 1371 3712 ltl
1386 3648 1456 3722 2l.‚
1471 3646 1643 3715 residuum

550 3779 608 3844 lm
621 3792 680 3846 est.
698 3781 754 3856 lo,
773 3801 838 3868 que
855 3790 996 3867 equatur
1014 3777 1158 3844 numeris
1171 3797 1187 3841 e
1198 3797 1233 3846 r,
1251 3777 1302 3841 zi.
1320 3773 1491 3841 Addantur
1505 3774 1645 3864 quidem

549 3928 648 3996 super
663 3908 684 3972 lc
700 3905 712 3970 l
728 3928 883 3972 numerus
899 3908 909 3969 l
925 3929 947 3970 n
965 3904 1090 3994 equalis
1107 3921 1242 3967 numero
1258 3921 1313 3974 ez,
1333 3900 1467 3966 scilicet.
1484 3903 1558 3977 lo,
1578 3902 1641 3969 erit

552 4035 617 4098 lro.
635 4034 703 4112 344
720 4043 752 4098 et
771 4052 869 4119 super
887 4033 906 4096 lt
921 4053 953 4097 m
971 4028 1112 4097 addatur
1129 4050 1151 4092 n
1168 4049 1216 4104 m,
1240 4027 1362 4093 scilicet
1385 4049 1402 4092 z
1421 4031 1433 4093 i
1451 4029 1509 4116 qui
1529 4041 1591 4096 est.
1611 4031 1643 4096 6.

552 4160 612 4225 erit
627 4165 673 4227 lre
686 4161 738 4226 to.
748 4183 755 4239 ;
766 4171 799 4226 et
811 4158 976 4224 auferatur
991 4179 1030 4223 ex
1043 4155 1065 4219 lc
1078 4158 1256 4222 lnumerus
1281 4155 1301 4218 lt
1314 4156 1323 4217 l
1337 4155 1463 4242 equalis
1481 4158 1537 4232 lo,
1557 4145 1658 4223 scili·¹

553 4297 613 4349 cet.
636 4288 687 4361 to,
708 4283 887 4352 remanebit
903 4284 924 4348 ir
940 4283 969 4347 t.
984 4281 1037 4360 li;
1055 4292 1087 4347 et
1098 4279 1238 4347 ducatur
1257 4300 1315 4353 ez,
1331 4277 1394 4345 hcc
1413 4292 1462 4347 est
1478 4283 1523 4347 ln
1539 4282 1573 4346 in
1587 4281 1643 4359 ll,

552 4410 684 4477 scilicet.
700 4413 753 4478 lo.
770 4413 813 4476 in.
830 4410 899 4486 24„
919 4406 1068 4497 prouenit
1081 4427 1103 4490 p
1117 4428 1143 4471 o.
1161 4405 1237 4473 240.
1254 4406 1310 4492 qui
1327 4416 1375 4471 est
1392 4424 1594 4494 congruum,
1609 4416 1644 4474 et

552 4556 680 4601 summa
699 4535 810 4603 decem
827 4554 1037 4602 numerorum
1051 4532 1224 4620 imparium
1237 4532 1444 4598 existentium
1457 4535 1558 4602 circa.
1572 4536 1643 4610 24„

552 4664 700 4754 quisunt
719 4663 802 4727 inter
817 4680 972 4728 numeros
988 4663 1007 4725 lr
1026 4660 1046 4724 t
1065 4670 1097 4724 et
1113 4660 1133 4723 lt
1150 4678 1187 4732 a,
1203 4656 1267 4724 hoc
1284 4668 1332 4725 est
1353 4659 1446 4726 inter.
1467 4661 1520 4727 ll.
1539 4673 1573 4730 et
1588 4662 1665 4729 3l..
