4175 5792
1446 706 1487 772 49

386 854 540 943 usquein
560 855 617 929 24,
642 854 765 920 scilicet
790 857 849 930 40,
868 864 965 920 erunt
990 874 1147 941 passeres.
1175 855 1228 921 Vel
1253 855 1347 921 aliter
1369 874 1490 943 ponam

385 1000 445 1068 pro
469 979 575 1067 prima
595 991 687 1067 parte
710 980 927 1068 quincuplum
951 978 992 1047 de
1016 981 1083 1057 42,
1107 1001 1167 1069 pro
1189 1003 1256 1070 quo
1279 979 1491 1048 habebuntur

384 1107 531 1196 perdices
555 1110 596 1183 4,
619 1119 651 1174 34
671 1128 731 1196 pro
754 1109 898 1175 secunda
921 1120 1014 1197 parte
1037 1130 1159 1198 ponam
1196 1108 1336 1200 duplum
1361 1108 1402 1177 de
1423 1110 1488 1186 27,

384 1255 531 1326 proquo
550 1234 762 1301 habebuntur
785 1237 938 1304 columbe
962 1240 1006 1315 2,
1030 1250 1126 1306 etex
1149 1240 1228 1327 ipsis
1250 1241 1316 1307 288
1341 1257 1488 1306 remane-

383 1363 468 1431 bunt
489 1363 547 1438 24,
565 1384 629 1452 que
651 1373 728 1429 sunt
750 1363 994 1454 duodecnplum
1011 1365 1052 1433 de
1077 1369 1114 1444 2,
1139 1387 1199 1454 pro
1222 1387 1287 1456 quo
1318 1364 1485 1433 duodecu-

387 1490 443 1580 plo
467 1487 680 1557 habebuntur
703 1501 849 1558 turtures
868 1493 927 1568 42,
951 1493 1076 1583 relique
1095 1513 1176 1561 uero
1199 1515 1263 1582 que
1285 1505 1362 1560 sunt
1383 1513 1489 1582 usque

385 1619 420 1685 in
443 1620 487 1687 24
511 1639 604 1696 aues,
629 1617 751 1685 scilicet
776 1621 815 1693 5,
836 1632 934 1687 erunt
960 1643 1130 1709 passeres3
1165 1633 1198 1689 et
1231 1623 1278 1688 sic
1312 1643 1487 1711 possumus

385 1747 419 1812 in
443 1746 607 1814 similibus
629 1747 727 1814 etiam
754 1758 787 1815 et
811 1749 845 1815 in
882 1749 1106 1816 consolamine
1138 1763 1343 1818 monetarum
1382 1762 1415 1818 et
1437 1749 1486 1817 bi·

386 1877 573 1955 zantiorum
598 1877 745 1964 operari,
767 1878 856 1966 quod
879 1877 1156 1968 quandocumque
1180 1880 1229 1947 vel
1251 1880 1410 1969 placuerit
1429 1878 1487 1945 do-

387 2003 557 2069 minationi
582 2016 693 2070 uestro
719 2002 874 2094 liquidius
897 2004 1084 2073 declarabo.
1297 2002 1300 2006 ’

477 2266 523 2330 Dc
544 2266 755 2347 compositione
773 2265 941 2353 pentapooj
963 2263 1124 2354 equitateri
1144 2267 1177 2330 io
1197 2267 1387 2348 triangulum

760 2394 971 2480 equicrurium
993 2395 1108 2458 dotum.

453 2653 542 2718 Lmet
564 2653 664 2719 etiam
688 2651 885 2718 solutionem
916 2651 1126 2740 subscriptae
1159 2652 1358 2739 questionis,
1382 2672 1483 2740 quam

384 2800 490 2868 nuper
511 2780 621 2846 inueni
645 2765 721 2846 lime
752 2790 862 2847 uestro
886 2781 1100 2846 correctionis
1123 2781 1352 2848 transmittere.
1389 2778 1483 2848 Vide-

385 2908 462 2975 licet
480 2927 556 2974 oum
577 2907 610 2973 in
631 2907 793 2996 triangulo
814 2908 1003 2996 equicrurio
1023 2918 1101 2973 noto
1121 2918 1324 2994 protractum
1345 2910 1387 2975 sit
1406 2931 1483 2997 pen·

383 3050 542 3126 tagonum
565 3037 799 3126 eqnilaterum,
821 3038 961 3125 qualiter
980 3037 1168 3103 inueniatur
1189 3036 1359 3125 longitudo
1380 3038 1482 3125 ipsius

383 3166 498 3233 lateris
516 3161 766 3232 demonstrabo.
787 3165 867 3229 Esto
884 3164 1087 3250 trigonumu
1107 3163 1125 3228 4
1144 3185 1160 3228 3
1181 3160 1241 3252 (l),
1266 3163 1360 3229 cuius
1377 3184 1482 3228 unum

384 3294 541 3385 quodque
563 3294 650 3359 latus
668 3313 689 3358 a
708 3295 725 3356 4
744 3301 777 3356 34
794 3312 846 3357 33
867 3291 909 3356 sit
929 3291 993 3365 40,
1018 3310 1171 3355 mensura
1193 3298 1225 3354 et
1248 3287 1336 3353 basis
1361 3287 1378 3352 4
1399 3309 1416 3352 3
1438 3288 1480 3353 sit

384 3424 439 3498 42,
463 3433 496 3489 34
514 3423 546 3487 in
567 3421 637 3508 ipso
657 3420 1005 3508 trigonoprotractum
1023 3415 1065 3481 sit
1083 3424 1304 3502 pentagonum
1323 3413 1480 3501 equilate-

383 3573 460 3617 rum
478 3571 507 3616 c.
526 3551 555 3616 d.
573 3572 598 3616 e.
617 3549 640 3637 s.
657 3570 692 3635 9,
708 3559 741 3615 et
758 3546 835 3613 uolo
854 3543 1000 3611 inuenire
1016 3539 1252 3630 longitudinem
1269 3540 1478 3608 uniuscuius-

381 3701 448 3771 que
463 3678 574 3744 lateris
593 3675 781 3765 pentagonj;
802 3670 992 3762 protraham
1006 3671 1150 3758 primum
1166 3670 1197 3735 in
1213 3669 1412 3757 triangulae
1428 3673 1445 3734 4
1464 3692 1480 3735 c

382 3801 686 3896 perpendicularem
706 3824 726 3868 a
748 3801 783 3877 4,
807 3800 950 3888 quaerit
969 3808 1063 3875 nota,
1086 3818 1162 3864 eum
1186 3807 1265 3864 nota
1288 3798 1352 3865 sint
1375 3798 1477 3864 434343

359 3944 403 4000 'c
426 3934 444 3996 4
467 3940 500 3997 34
524 3928 542 3993 4
566 3933 600 4003 lt,
619 3939 651 3995 et
671 3930 732 3995 erit
750 3927 919 4017 longitudo
943 3928 1013 3993 eius
1038 3928 1073 4001 8,
1093 3937 1124 3992 et
1149 3930 1169 3992 3
1192 3937 1315 4014 puncto
1339 3929 1360 3992 d
1381 3946 1481 4012 super

353 4059 469 4125 ·latus
488 4059 505 4122 4
524 4077 540 4121 c
560 4054 749 4141 protraham
769 4053 937 4121 cathetum
956 4053 1017 4129 di,
1037 4074 1102 4141 que
1118 4051 1328 4141 equidistabit
1348 4049 1478 4117 catheto

382 4210 403 4254 a
422 4189 458 4266 h;
476 4205 580 4274 quare
598 4183 779 4270 triangulus
794 4187 814 4250 d
835 4185 852 4248 4
868 4185 880 4248 i
895 4182 1010 4249 similis
1026 4191 1075 4248 est
1095 4181 1259 4270 triangulo
1274 4202 1294 4246 a
1315 4182 1332 4245 4
1348 4183 1383 4258 lt,
1398 4199 1479 4267 qua-

384 4335 420 4381 re
440 4311 635 4400 proportioi
660 4312 677 4375 4
698 4308 739 4375 34
756 4314 773 4375 4
789 4311 811 4376 d
828 4321 876 4378 ost
893 4311 978 4377 sicut
996 4310 1164 4398 proportio
1180 4311 1200 4375 4
1216 4313 1233 4374 4
1251 4308 1291 4375 ad
1313 4314 1330 4372 4
1353 4331 1394 4384 o,
1419 4329 1478 4375 neo

456 4572 487 4625 34)
506 4570 568 4619 Vedi
587 4568 627 4628 lig.
647 4569 670 4617 4.
