4175 5792
1452 706 1493 771 39

415 875 513 944 super
522 855 778 946 bizanti0s2‚qui
792 864 1016 922 remanserunt
1028 854 1135 940 primo
1147 826 1481 928 nominthabeboam

412 1001 471 1068 pro
490 982 674 1069 quantitate
692 980 909 1047 bizantiorum
927 981 1022 1069 primi
1048 977 1199 1046 hominis.
1222 977 1344 1045 Deinde
1371 997 1490 1065 ponam

413 1128 480 1174 rem
499 1128 558 1197 pro
574 1109 768 1198 quantitate,
784 1130 850 1196 que
864 1107 1018 1174 remansit
1037 1105 1181 1174 secundo
1201 1103 1326 1171 homini
1345 1117 1418 1194 post
1435 1107 1491 1171 tri-

410 1231 616 1320 plicationem
639 1255 737 1323 quam
761 1232 834 1301 fecit
859 1232 989 1322 reliquis
1020 1233 1139 1309 tribus,
1164 1241 1196 1300 et
1231 1232 1491 1321 quadruplicabu

412 1360 516 1446 ipsam
528 1381 610 1438 rem,
629 1370 660 1427 et
678 1359 761 1428 illud·
778 1359 998 1449 quadruplum
1021 1357 1265 1450 quincuplabo,
1286 1361 1292 1447 Ι
1312 1369 1343 1427 61
1366 1358 1503 1450 habeba
1526 1373 1643 1419 rot-uano

411 1487 455 1552 20
469 1506 519 1552 res
531 1507 590 1575 pro
608 1498 726 1576 quarta
749 1496 842 1576 parte
857 1488 955 1553 totius
975 1509 1114 1554 summe.
1131 1488 1218 1576 Ergo
1239 1488 1282 1553 20
1303 1507 1354 1552 res
1372 1506 1496 1575 equan-

411 1623 466 1680 tur
483 1612 633 1702 bizantijs
653 1616 734 1692 120,
751 1613 837 1682 unde
860 1616 888 1681 si
910 1614 1100 1682 diuiduntur
1119 1617 1183 1683 120
1206 1635 1263 1703 per
1283 1615 1340 1689 21),
1365 1614 1496 1681 uenient

413 1739 546 1828 bizantij
567 1744 587 1807 6
604 1760 663 1829 pro
682 1742 865 1830 quantitate
885 1742 944 1818 rei,
955 1742 1077 1830 quibus
1093 1741 1244 1829 bizantijs
1258 1745 1278 1809 6
1290 1741 1442 1808 extractis
1457 1739 1497 1808 de

413 1867 491 1942 180,
515 1877 683 1934 remanent
707 1868 771 1934 171
790 1888 849 1956 pro
872 1868 969 1957 triplo
993 1868 1213 1937 bizantiorum
1232 1869 1316 1956 tertij
1337 1880 1368 1965 61
1388 1870 1496 1957 quarti

412 2003 444 2060 61
468 1993 562 2081 primj
588 1992 738 2062 hominis.
761 1997 871 2074 Quare
892 1997 985 2062 tertia
1008 2018 1084 2085 pars
1107 2008 1177 2064 erat
1199 2000 1365 2086 quantitas
1385 1998 1496 2066 bizan-

414 2099 533 2185 tiorum
559 2120 721 2208 ipsorum,
738 2133 770 2188 et
786 2122 850 2190 due
868 2124 959 2190 tertie
979 2122 1019 2190 de
1032 2123 1111 2200 171,
1135 2123 1256 2192 scilicet
1267 2126 1348 2200 316,
1365 2124 1496 2193 suerunt
1565 2126 1567 2130 '

413 2246 446 2312 id
462 2246 550 2336 quod
566 2259 758 2337 acceperant
773 2270 792 2314 a
808 2247 950 2316 secundo
967 2245 1113 2326 humina,
1130 2248 1250 2338 quibus
1265 2249 1416 2337 bizantijs
1432 2254 1497 2318 316

414 2372 533 2440 additis
548 2395 625 2441 eum
637 2374 789 2463 bizantijs
800 2378 832 2453 6,
845 2377 902 2464 qui
915 2385 1140 2443 remanserunt
1154 2377 1215 2464 ipsi
1228 2376 1388 2452 secundo,
1403 2389 1499 2445 erunt
1612 2433 1615 2440 ,

414 2500 545 2588 bizantij
567 2503 643 2578 322,
661 2512 693 2568 61
716 2512 764 2569 161
787 2500 904 2570 habuit
918 2503 1083 2571 secundus
1103 2501 1201 2570 homo
1215 2514 1288 2592 post
1304 2502 1496 2592 duplicatio-

414 2650 487 2696 nem
510 2628 571 2695 sibi
590 2628 708 2696 iactam
730 2635 749 2696 a
769 2630 873 2718 primo
896 2627 1037 2697 homine.
1068 2631 1154 2719 Ergo
1177 2629 1332 2697 medietas
1356 2631 1396 2698 de
1419 2611 1498 2709 322,

415 2779 479 2846 que
503 2768 552 2826 est
572 2760 629 2825 161
651 2809 659 2833 ,
678 2756 737 2825 fuit
759 2758 925 2846 quantitas
947 2756 1163 2824 bizantiorum
1186 2758 1317 2825 secundi
1341 2757 1494 2826 hominis.

479 2885 604 2952 Rursus
622 2906 742 2973 ponam
755 2907 822 2952 rem
835 2904 895 2973 pro
909 2904 949 2952 eo
968 2884 1056 2973 quod
1083 2884 1236 2951 remansit
1255 2884 1350 2951 tertio
1371 2884 1494 2951 homini

413 3023 487 3100 post
503 3010 842 3101 quadruplicationem
860 3032 959 3100 quam
977 3010 1095 3078 1666161
1114 3011 1200 3098 alijs,
1219 3022 1251 3078 61
1271 3010 1495 3099 quincuplabo

412 3136 516 3224 ipsam
536 3158 619 3212 rem,
635 3146 667 3203 61
685 3147 780 3203 erunt
791 3135 935 3224 quinque
947 3156 999 3201 res
1010 3134 1143 3224 equales
1161 3138 1268 3223 quarti
1280 3157 1419 3210 summe,
1434 3137 1494 3202 sci·

413 3261 487 3328 licet
514 3260 648 3328 116120.
671 3242 852 3339 Quareres
875 3262 936 3328 erit
958 3259 1089 3347 bizantij
1115 3261 1173 3333 21,
1195 3261 1314 3349 quibus
1343 3262 1495 3328 extractis
1611 3268 1619 3287 ⁸

411 3384 452 3453 de
464 3386 539 3462 180,
563 3394 730 3453 remanent
749 3387 813 3452 156
832 3405 891 3476 pro
907 3384 1091 3474 quadruplo
1105 3383 1320 3450 bizantiorum
1337 3385 1447 3473 quarti
1463 3398 1495 3452 et

411 3514 506 3601 primi
525 3523 557 3579 et
574 3511 708 3580 secundi
732 3511 885 3587 hominis,
901 3535 941 3579 ex
958 3510 1078 3601 quibus
1101 3509 1285 3578 habuerunt
1309 3522 1374 3578 tres
1397 3532 1494 3601 quar·

412 3650 476 3716 tas,
491 3640 612 3707 seilicet
624 3641 699 3718 312,
712 3641 838 3707 atertio
850 3639 991 3718 homine,
1002 3639 1122 3729 quibus
1134 3639 1284 3727 bizantijs
1297 3641 1361 3707 312
1374 3639 1492 3707 additis

412 3790 489 3836 cum
509 3767 657 3856 bizantijs
674 3770 717 3836 21
728 3767 895 3857 predictis,
911 3777 1005 3834 erunt
1020 3765 1152 3852 bizantij
1170 3765 1248 3840 366,
1265 3776 1297 3832 61
1317 3777 1364 3833 101
1376 3765 1492 3833 habuit

411 3895 525 3961 tertius
538 3892 635 3959 homo
648 3903 720 3980 post
736 3892 988 3981 duplicationem
1006 3900 1038 3958 et
1051 3892 1090 3956 tri
1095 3890 1300 3980 plicationem
1317 3891 1378 3957 sibi
1392 3890 1493 3958 iactas

411 4022 548 4111 aprima
566 4032 598 4086 et
617 4026 638 4086 a
655 4021 796 4089 secundo
814 4021 958 4096 homine,
970 4020 1010 4088 de
1025 4019 1147 4109 quibus
1160 4021 1187 4085 si
1205 4039 1360 4108 accepero
1374 4017 1493 4084 medie-

413 4158 512 4215 tatem
528 4146 621 4214 tertie
635 4148 746 4234 partis,
761 4147 883 4214 scilicet
905 4156 1043 4225 sextam,
1068 4148 1198 4215 venient
1222 4146 1353 4231 bizantij
1375 4145 1410 4211 61
1435 4164 1494 4230 pro

410 4277 591 4365 quantitate
610 4273 693 4360 tertij
711 4272 860 4340 hominis.
873 4275 1034 4340 Extractis
1049 4294 1125 4362 ergo
1150 4272 1301 4359 bizantijs
1316 4273 1374 4339 211
1402 4273 1496 4361 primi

411 4399 563 4476 hominis,
590 4411 622 4467 et
648 4402 705 4466 161
739 4399 887 4476 secundi,
911 4412 943 4466 et
966 4402 1001 4466 61
1031 4398 1180 4487 tertijde
1200 4409 1268 4464 tota
1295 4419 1389 4464 suma
1415 4397 1492 4491 (stet,

412 4527 623 4594 remanebunt
645 4528 685 4590 tt
710 4545 768 4614 pro
785 4524 932 4611 bizantijs
951 4528 1058 4614 quarti
1084 4523 1233 4593 hominis.
