4175 5792
543 665 585 730 st

546 808 705 874 bizantios
722 811 816 897 primi
832 862 838 886 ,
854 813 1007 880 nimirum
1025 814 1205 902 surgentin
1218 813 1274 888 33,
1293 825 1331 881 ut
1346 813 1549 902 propesitum
1563 823 1621 880 est.

544 935 651 1012 Quare
670 946 759 1023 patet
778 937 945 1005 manifeste
967 939 1108 1028 primum
1129 937 1294 1006 bominem
1314 938 1434 1006 habere
1453 940 1497 1004 33
1515 939 1622 1004 minus

400 1080 521 1123 nume
543 1063 715 1131 medietate
738 1065 803 1141 rei,
827 1085 892 1153 que
914 1065 1025 1131 addita
1044 1085 1120 1132 cum
1139 1064 1289 1152 bizanttjs
1307 1062 1442 1132 secundi
1460 1063 1467 1153 1
1486 1073 1521 1130 et
1535 1065 1620 1151 tertij

542 1200 574 1256 et
592 1190 701 1278 quarti
718 1189 878 1268 beminis,
897 1192 1019 1258 seilicet
1037 1212 1112 1258 cum
1130 1212 1185 1265 re,
1206 1191 1334 1258 uenient
1353 1192 1396 1256 33
1413 1199 1446 1256 et
1465 1187 1621 1256 medietas

542 1316 587 1382 rei
607 1336 666 1404 pro
685 1327 754 1384 tota
772 1338 867 1383 suma
888 1315 952 1407 (sie)
971 1317 1188 1386 bizantiorum
1208 1327 1351 1406 quatuor
1372 1314 1559 1390 bominum,
1582 1314 1622 1382 de

541 1465 607 1531 qua
622 1465 751 1511 summa
768 1443 930 1511 secundus
946 1465 1022 1512 eum
1036 1447 1053 1527 ὲ
1069 1444 1286 1511 bizantiorum
1305 1443 1505 1532 reliquorum
1524 1443 1621 1509 trium

544 1570 714 1637 hominum
736 1571 927 1660 proponitur
949 1569 1103 1637 habuisse
1122 1573 1174 1637 35.
1197 1571 1306 1648 Quare
1323 1570 1350 1636 si
1373 1568 1564 1636 auferantur
1580 1569 1621 1634 35

542 1697 582 1764 de
598 1697 748 1786 bizantijs
764 1698 807 1765 33
821 1708 854 1764 et
868 1697 909 1764 de
927 1696 1098 1764 medietate
1120 1698 1185 1773 rei,
1203 1695 1380 1764 remanebit
1396 1700 1488 1786 pro}
1509 1695 1620 1763 bizan-

543 1826 663 1890 tiorum
688 1824 852 1913 ipsorum‚
876 1825 998 1892 seilicet
1014 1825 1099 1913 tertij
1118 1835 1151 1892 et
1168 1825 1278 1914 quarti
1297 1834 1329 1891 et
1352 1825 1448 1912 primi
1468 1823 1620 1901 heminis,

545 1951 700 2019 medietas
717 1953 762 2020 rei
778 1953 885 2019 minus
898 1953 1058 2040 bizantijs.
1071 1955 1102 2020 3.
1115 1953 1157 2019 Et
1168 1953 1246 2042 quia
1256 1973 1332 2020 eum
1344 1952 1385 2020 de
1400 1952 1510 2042 aliqua
1521 1972 1623 2041 qnan-

543 2081 634 2146 titate
657 2079 782 2145 tollitur
798 2080 893 2146 tertia
908 2099 1003 2167 pars,
1020 2076 1052 2144 id
1065 2079 1157 2167 quud
1173 2079 1297 2145 tollitur
1314 2088 1363 2145 est
1379 2077 1536 2145 medietas
1550 2079 1620 2145 eius

542 2205 629 2294 quod
654 2216 807 2274 remanet.
840 2207 873 2273 Si
907 2227 1005 2294 super
1031 2205 1203 2273 medietate
1228 2205 1270 2271 rei
1296 2204 1402 2271 minus
1436 2204 1456 2270 2
1478 2202 1619 2271 addatur

546 2332 700 2401 medietas
719 2335 810 2412 eius,
834 2333 998 2417 uenient}
1019 2333 1065 2400 rei
1084 2333 1191 2399 minus
1211 2332 1360 2419 bizantijs
1379 2333 1398 2398 3
1418 2351 1477 2420 pro
1495 2334 1621 2422 quanti

544 2469 610 2525 tate
633 2458 850 2526 bizantiorum
866 2460 949 2546 tertij
968 2472 1000 2526 et
1015 2461 1124 2548 quarti
1147 2469 1179 2527 et
1201 2460 1297 2548 primi
1316 2458 1466 2527 beminis.
1486 2460 1535 2527 Ad
1557 2482 1620 2550 que

541 2587 640 2652 etiam
663 2587 832 2652 ueniemus
862 2587 889 2652 si
913 2577 1238 2674 multiplieauerimus
1261 2587 1466 2655 medietatem
1491 2589 1536 2654 rei
1561 2589 1618 2653 mi-

543 2716 642 2779 nus2
664 2734 722 2801 per
744 2714 784 2786 3,
808 2723 840 2778 et
863 2712 1070 2780 diuiserimus
1092 2733 1150 2800 per
1172 2712 1203 2776 2.
1222 2713 1345 2778 Rursus
1368 2713 1446 2802 quia
1467 2713 1619 2802 proponi-

543 2848 597 2905 tur
631 2840 763 2905 tertium
796 2837 960 2906 hominem
994 2841 1108 2925 cum}
1141 2837 1358 2906 bizantiorum
1386 2841 1494 2930 quarti
1517 2850 1550 2907 et
1572 2861 1620 2907 se·

543 2963 641 3031 eundi
652 2975 684 3031 et
696 2965 790 3053 primj
807 2965 946 3032 heminis
959 2964 1080 3034 habere
1091 2969 1147 3043 36,
1163 2967 1190 3032 si
1205 2966 1246 3033 de
1265 2976 1333 3032 tota
1350 2989 1443 3034 suma
1462 2966 1544 3059 (sic),
1560 2968 1620 3036 sei·

543 3093 617 3160 lieet
638 3114 677 3159 ex
693 3094 735 3159 33
751 3102 783 3159 et
801 3091 974 3160 medietate
993 3096 1059 3168 rei,
1079 3094 1230 3161 tollamus
1250 3095 1314 3169 36,
1334 3095 1513 3162 remanebit
1528 3116 1588 3185 pre
1605 3100 1618 3182 ξ

544 3219 759 3287 bizantiorum
782 3221 890 3308 quarti
912 3230 945 3287 et
971 3222 1065 3308 primj
1086 3232 1119 3287 et
1141 3219 1275 3288 secundi
1300 3222 1440 3288 beminis
1464 3223 1620 3292 medietas

440 3390 444 3398 ⁴
543 3347 588 3412 rei
612 3348 718 3414 minus
741 3345 892 3433 bizantijs
915 3347 946 3413 3.
981 3347 1022 3412 Et
1043 3347 1121 3434 quia
1146 3366 1222 3412 cum
1244 3346 1285 3413 de
1307 3347 1417 3436 aliqua
1438 3350 1621 3434 quantitate

542 3469 665 3538 tollitur
687 3475 722 3557 ξ,
748 3471 826 3538 illud
849 3472 937 3559 quod
963 3471 1086 3537 tollitur
1107 3483 1156 3538 est
1177 3473 1278 3554 {eius
1295 3473 1382 3562 quod
1403 3486 1568 3552 remanet,
1591 3479 1620 3542 si

542 3618 639 3684 super
658 3601 673 3676 t
692 3598 736 3664 rei
755 3599 863 3664 minus
879 3599 898 3662 3
919 3596 1059 3664 addatur
1074 3601 1169 3665 tertia
1187 3600 1272 3674 eius,
1290 3596 1353 3664 hoe
1368 3600 1519 3688 estquod
1537 3603 1621 3668 mul-

543 3724 732 3811 tipliceturt
750 3727 793 3792 rei
809 3725 916 3791 minus
932 3727 952 3790 3
969 3747 1025 3814 per
1040 3726 1074 3799 le,
1090 3738 1123 3792 et
1137 3745 1231 3791 suma
1249 3723 1312 3814 (sie)
1327 3723 1493 3793 diuidatur
1508 3751 1566 3817 per
1582 3735 1618 3806 3,

543 3850 673 3916 uenient
693 3855 711 3930 ξ,
728 3852 773 3916 rei
796 3851 902 3916 minus
925 3850 1023 3938 ipre
1044 3851 1227 3939 quantitate
1246 3849 1464 3919 bizantiorum
1486 3876 1617 3923 eorum-

541 3976 613 4044 dem
637 3977 744 4065 quarti
767 3986 801 4041 et
824 3977 918 4064 primi
936 3987 968 4044 et
989 3975 1123 4043 secundi
1146 3973 1294 4042 hominis.
1317 3979 1399 4046 Item
1420 3983 1498 4069 quia
1519 4004 1617 4072 quar-

543 4116 595 4170 tus
618 4104 716 4170 bomo
748 4122 823 4168 curu
846 4104 861 4182 ξ,
882 4102 1099 4169 bizantiorum
1126 4101 1220 4188 primi
1254 4112 1286 4168 et
1319 4107 1453 4174 secundi
1474 4120 1507 4176 et
1529 4112 1614 4200 tertij

542 4229 681 4297 hominis
692 4229 790 4296 habet
803 4229 843 4297 37
856 4279 863 4304 ,
875 4229 902 4293 si
914 4227 954 4294 de
966 4237 1034 4294 tota
1044 4247 1139 4293 suma
1153 4225 1217 4318 (sie)
1235 4250 1348 4299 eorum
1365 4244 1430 4300 11110'
1446 4235 1614 4304 hominum

543 4354 697 4423 tollantur
714 4359 755 4424 37
771 4409 778 4434 ,
794 4354 971 4424 remanebit
988 4360 1078 4443 pro}
1098 4354 1315 4442 bizantiorum
1334 4363 1429 4448 primi
1445 4375 1477 4428 et
1498 4385 1614 4430 secun-

542 4479 573 4546 di
589 4491 621 4547 et
636 4485 720 4569 tertij
738 4483 876 4552 beminis
894 4481 1049 4550 medietas
1065 4482 1108 4548 rei
1126 4481 1234 4548 minus
1249 4483 1399 4569 bizantijs
1415 4487 1449 4563 t,
1468 4493 1612 4577 quamsi
