4175 5792
621 704 663 768 82

611 848 673 915 erit
689 848 825 936 integra,
849 859 885 914 ut
904 848 1112 938 prediximus.
1137 828 1216 916 Etsi
1230 850 1324 917 tertia
1335 869 1411 938 pars
1425 850 1587 915 numeria
1602 851 1636 924 t,
1652 848 1704 914 uel

613 976 665 1064 eq
681 996 746 1043 nou
761 987 811 1045 est
826 977 970 1066 integra,
993 979 1020 1044 si
1040 979 1265 1068 unusquisque
1275 997 1389 1046 eorum
1405 977 1575 1045 diuidatur
1592 997 1661 1065 per.
1674 980 1703 1044 3.

613 1103 794 1172 remanebit
804 1114 863 1172 aut
873 1105 1054 1194 equaliter,
1076 1116 1134 1173 aut
1153 1106 1361 1195 inequaliter;
1379 1127 1421 1173 ex
1436 1114 1580 1194 utroque
1596 1126 1703 1173 rema·

611 1244 686 1302 neat
700 1234 845 1321 primum
863 1233 1036 1323 equaliter;
1057 1254 1160 1323 quare
1178 1254 1336 1302 uumerus
1354 1253 1377 1323 9
1396 1234 1418 1300 d
1438 1231 1602 1300 diuiditu'r
1623 1233 1704 1300 inte

609 1361 740 1451 graliter
769 1353 835 1450 per.
861 1362 891 1427 3.
915 1361 1023 1440 Quare
1041 1381 1082 1429 ex
1098 1360 1200 1429 ductu
1223 1360 1318 1428 solidi
1339 1360 1519 1450 supradicti
1538 1359 1574 1425 in
1590 1381 1703 1427 nume·

610 1512 683 1557 rum
706 1491 761 1573 aa
783 1487 948 1578 egreditur
971 1510 1149 1566 numerus,
1173 1490 1268 1558 cuius
1291 1489 1386 1558 tertia
1402 1509 1478 1578 pars
1495 1498 1546 1556 est
1566 1462 1701 1577 integra:

674 1613 736 1681 Sed
756 1634 822 1681 non
846 1625 1014 1682 remaneat
1035 1615 1196 1704 equaliter
1217 1638 1258 1684 ex
1279 1617 1459 1684 numerisa
1476 1618 1516 1689 l,
1542 1617 1605 1698 bu
1626 1635 1700 1681 eum

606 1740 799 1808 diuiduntur
820 1762 887 1830 per.
912 1743 942 1808 3.
963 1742 1144 1811 remanebit
1162 1765 1201 1811 ex
1218 1745 1327 1833 alique
1350 1747 1506 1833 ipsorum.
1532 1744 1582 1819 l.‚
1605 1754 1640 1810 et
1661 1764 1699 1809 ex

608 1867 682 1933 alio.
705 1869 736 1935 2.
755 1868 863 1946 Quare
881 1889 921 1936 ex
936 1871 1165 1938 coniunctione
1180 1871 1348 1959 ipsorum,
1367 1873 1490 1939 scilieet
1505 1892 1547 1938 ex
1563 1887 1700 1937 numero

607 2016 627 2060 a
645 2018 685 2079 q,
709 1995 805 2062 tertia
827 2014 902 2082 pars
923 1996 984 2062 erit
1000 1997 1133 2087 integra.
1151 1996 1239 2064 Vnde
1257 1997 1372 2074 solidi,
1391 1999 1448 2088 qui
1466 1996 1528 2064 fuit
1546 1999 1567 2065 a
1585 2016 1699 2063 uume-

608 2122 652 2187 ris
674 2142 696 2188 a
715 2124 752 2196 b,
778 2125 843 2209 by,
867 2142 888 2188 a
910 2143 945 2204 q,
964 2123 1062 2188 tertia
1086 2144 1162 2211 pars
1180 2125 1251 2191 eius
1277 2122 1339 2191 erit
1365 2125 1500 2214 integra.
1524 2124 1636 2204 Quare
1661 2144 1699 2191 ex

608 2249 710 2316 ductu
726 2250 826 2338 ipsius
843 2248 937 2360 solidi
958 2250 991 2314 in
1006 2271 1181 2319 numerum
1199 2251 1252 2340 d9
1266 2251 1431 2342 egreditur
1446 2273 1625 2328 numerus,
1643 2272 1699 2318 eu-

608 2379 659 2444 ius
682 2382 779 2444 tertia
807 2398 884 2466 pars
908 2389 961 2475 est
983 2380 1126 2468 integra;
1150 2389 1184 2446 et
1208 2380 1363 2468 quoniam
1383 2379 1453 2446 eius
1479 2387 1601 2445 octaua
1622 2398 1698 2467 pars

608 2508 761 2574 inuencta
782 2518 832 2575 est
858 2507 1005 2575 similiter
1033 2510 1179 2597 integra,
1201 2510 1263 2576 erit
1291 2528 1370 2599 ergo
1396 2508 1560 2598 uigexima
1579 2515 1698 2596 quarta

608 2655 684 2721 pars
701 2637 771 2703 eius
787 2637 932 2726 integra,
956 2649 993 2703 ut
1017 2636 1189 2724 oportebat
1201 2637 1379 2704 ostendere.
1400 2637 1441 2701 Et
1453 2634 1518 2702 hoo
1529 2633 1617 2700 idem
1635 2633 1697 2700 erit

605 2765 631 2828 si
652 2765 778 2831 numeri
793 2767 847 2830 ab
875 2775 907 2831 et
929 2769 981 2854 tq
1004 2785 1070 2831 uon
1091 2764 1210 2832 fuerint
1236 2766 1331 2852 primj
1356 2763 1454 2830 adse
1476 2761 1520 2830 ad
1542 2762 1695 2829 inuicem.

671 2889 718 2953 Er
740 2889 766 2954 si
791 2911 876 2956 uuus
898 2911 937 2957 ex
952 2893 1097 2958 numeris
1114 2912 1134 2957 a
1153 2894 1185 2968 b,
1203 2894 1256 2974 lq
1279 2890 1375 2958 luerit
1397 2909 1477 2977 par,
1500 2888 1697 2955 coniunctus

607 3039 646 3084 ex
660 3017 708 3084 eis
720 3017 781 3083 erit
797 3016 916 3106 impar,
931 3028 1008 3085 tune
1020 3018 1211 3086 ostendetur
1227 3019 1375 3085 similiter
1394 3018 1421 3084 si
1434 3014 1592 3093 solidum,
1606 3012 1695 3104 quod

603 3142 677 3211 fita
701 3143 802 3234 duplo
823 3145 921 3212 unius
947 3144 1127 3234 cuiusque,
1150 3156 1184 3212 et
1212 3146 1255 3212 ab
1277 3166 1389 3213 eorum
1419 3145 1597 3211 coniuncto
1618 3162 1694 3226 aq,

603 3273 743 3341 ducatur
759 3273 791 3337 in
808 3273 1019 3340 numerum'd
1028 3294 1065 3360 q,
1081 3293 1215 3361 surgere
1229 3274 1262 3338 in
1277 3293 1467 3348 numerum,
1484 3271 1582 3337 euius
1595 3269 1694 3337 etiarn

601 3402 763 3488 uigexima
781 3410 900 3488 quarta
918 3420 994 3487 pars
1016 3399 1077 3466 e'rit
1100 3400 1243 3487 integra,
1267 3400 1338 3467 siue
1355 3399 1484 3466 numeri
1505 3398 1571 3465 sint
1595 3395 1691 3487 primj

602 3527 686 3592 inter
707 3549 760 3602 se,
784 3526 854 3593 siue
869 3547 955 3606 n0n;
980 3537 1012 3592 et
1030 3526 1136 3594 laetus
1154 3548 1332 3604 uumerus,
1350 3526 1502 3595 iidelieet
1524 3525 1621 3592 cuius
1643 3523 1694 3590 ui-

603 3654 729 3742 gerima
752 3663 870 3741 quarta
893 3674 969 3742 pars
990 3665 1040 3722 est
1062 3655 1209 3744 integra,
1230 3675 1411 3744 congruum
1435 3652 1611 3742 appellauj.

668 3781 699 3847 Sr
730 3782 819 3848 eirca
846 3781 988 3870 aliquem
1021 3803 1196 3849 numerum
1230 3782 1399 3849 adiaeeant
1433 3780 1561 3846 numeri
1594 3788 1693 3867 quot-

599 3929 742 3997 cumque
778 3909 918 3975 minores
952 3917 984 3976 et
1009 3910 1150 3976 maiores
1177 3928 1237 3983 eo,
1261 3918 1293 3974 et
1322 3908 1364 3973 sit
1386 3904 1563 3974 multitudo
1587 3906 1692 3972 miuo-

600 4057 673 4101 rum
696 4035 820 4125 equalis
854 4036 1055 4124 multitudinj
1092 4035 1273 4109 maiorum,
1300 4046 1333 4102 et
1361 4046 1442 4123 quot
1464 4033 1693 4122 unusquisque

597 4183 637 4228 ex
664 4161 842 4229 maioribus
874 4159 1142 4249 superhabundat
1174 4161 1280 4248 ipsum
1317 4181 1511 4236 numerum,
1547 4168 1597 4225 tot
1620 4159 1691 4246 ipse

598 4308 754 4355 numerus
777 4286 1044 4377 superhabundet
1060 4287 1223 4363 minores,
1243 4286 1304 4353 erit
1318 4306 1447 4357 summa
1466 4284 1689 4353 adiacentium

599 4433 638 4477 ex
653 4411 753 4480 ductu
772 4416 874 4503 ipsius
891 4415 1018 4482 numeri
1043 4414 1264 4480 innumerum
1288 4411 1504 4479 multitudinis
1528 4412 1689 4501 ipsorum.

598 4536 691 4601 Circa
715 4560 886 4607 numerum
906 4544 926 4605 d
948 4539 1117 4607 adiaceaut
1137 4539 1262 4606 numeri
1282 4560 1316 4614 a,
1336 4541 1365 4615 b,
1379 4559 1414 4624 q,
1436 4559 1462 4614 e,
1484 4560 1514 4611 z,
1534 4543 1556 4604 Ι
1572 4535 1636 4629 (l).
1655 4549 1689 4605 et

671 4710 703 4773 a)
721 4713 783 4762 veui
804 4715 855 4776 rig.
874 4715 912 4765 25.
