4175 5792
1452 700 1493 767 37

410 862 468 919 rat.
491 854 564 932 Quo
586 855 671 923 lacto
695 856 809 922 tertius
829 852 927 922 homo
942 854 1207 943 quadruplicauit
1225 862 1343 941 quarto
1366 849 1490 917 bomini
1530 802 1533 825 ι

409 979 568 1047 bizantios
589 1001 687 1057 suos,
710 991 743 1046 et
764 991 904 1069 quartus
925 991 998 1067 post
1021 977 1084 1046 hoc
1107 977 1365 1068 quincuplicauit
1384 976 1490 1062 primo
1581 1006 1588 1029 ι

408 1105 531 1173 bomini
553 1108 712 1175 bizantios
734 1128 818 1196 quos
839 1109 868 1175 ei
893 1117 1120 1175 remanserunt
1144 1117 1217 1196 post
1238 1083 1492 1194 duplicationem

406 1253 505 1319 quam
530 1234 648 1300 lecerat
669 1234 812 1302 seeundo
837 1232 980 1310 bomini,
1011 1244 1043 1300 ct
1066 1236 1112 1300 sic
1135 1233 1360 1322 unusquisque
1383 1230 1424 1297 de
1446 1230 1494 1296 in-

409 1363 515 1427 uentis
538 1361 687 1448 bizantiJ's
718 1383 811 1428 suam
833 1360 947 1428 babuit
971 1361 1174 1448 portionem,
1197 1359 1319 1427 seilicet
1342 1365 1493 1446 quartam

369 1546 376 1563 ,
409 1496 544 1573 partem.
557 1487 712 1565 Queritur
721 1510 785 1578 que
796 1488 856 1554 luit
867 1509 960 1554 suma
972 1487 1036 1578 (εἰσ)
1046 1489 1253 1555 inuenturum
1266 1486 1500 1560 bizantiorum,¹

406 1620 438 1677 et
459 1625 540 1700 quot
562 1634 602 1679 ex
617 1613 694 1700 ipsis
717 1615 942 1702 unusquisque
965 1616 1060 1702 cepit.
1087 1613 1210 1678 Ponam
1234 1610 1416 1680 secundum
1439 1609 1497 1676 bo-

410 1738 530 1803 minem
565 1737 719 1806 habuisse
751 1761 841 1816 rem,
873 1761 973 1829 quam
996 1743 1123 1808 cumei
1147 1739 1344 1828 duplicasset
1369 1742 1493 1835 primus

407 1861 506 1929 bomo
530 1861 646 1930 habuit
669 1864 752 1931 duas
774 1864 844 1942 res,
868 1875 901 1932 et
926 1867 1030 1953 primo
1053 1865 1176 1932 homini
1201 1867 1355 1933 remansit
1378 1867 1492 1954 quinta

406 2011 481 2078 pars
504 2003 642 2080 quartae
657 1994 758 2080 partis
778 1993 876 2059 totius
893 2013 1060 2067 summae,
1080 2013 1155 2058 cum
1172 2013 1212 2058 ex
1230 1990 1408 2080 quincuplo
1422 1991 1492 2057 eius

404 2119 493 2209 quod
516 2121 546 2186 ei
567 2129 764 2186 remanserat
780 2117 896 2186 habuit
913 2131 1065 2208 quartam
1083 2130 1207 2207 partem
1226 2139 1383 2185 summae.
1402 2116 1490 2182 Vnde

405 2248 432 2313 si
450 2245 491 2313 de
509 2259 626 2335 quarta
641 2257 733 2335 parte
748 2268 841 2313 sume
855 2245 919 2337 (sic)
934 2245 1100 2313 auferatur
1115 2249 1144 2326 ς(
1159 2245 1304 2314 eiusdem
1321 2298 1327 2321 ,
1348 2264 1494 2312 remane-

404 2373 486 2440 bunt
500 2377 549 2454 ἦ,
566 2371 636 2471 hoe
652 2382 701 2439 est
716 2376 752 2454 ὲ,
774 2393 832 2460 pro
849 2392 888 2440 eo
904 2371 994 2462 quod
1009 2385 1147 2462 quartus
1167 2371 1265 2440 hamo
1281 2371 1369 2439 dedit
1386 2371 1491 2459 primo

405 2498 542 2575 homini,
560 2522 624 2589 que
639 2501 754 2589 quinta
769 2500 796 2566 si
815 2498 956 2566 addatur
971 2522 1070 2589 super
1083 2505 1112 2587 ξ,
1135 2522 1264 2567 summa
1281 2522 1345 2589 que
1363 2520 1490 2566 reman-

405 2627 446 2692 sit
465 2637 585 2715 quarto
605 2624 989 2714 hominipostdationem
1008 2626 1198 2717 quemfecit
1218 2628 1336 2714 primo,
1356 2630 1493 2706 erunt?⁰

408 2755 507 2822 tetius
525 2776 685 2830 summae,
702 2765 735 2821 et
753 2764 880 2821 tantum
895 2752 1013 2820 habuit
1029 2765 1167 2843 quartus
1187 2752 1300 2829 homo,
1321 2775 1395 2819 cum
1413 2776 1494 2842 qua-

405 2884 641 2972 druplicatione
663 2883 725 2950 sibi
740 2881 826 2949 facta
842 2903 862 2948 a
880 2883 973 2948 tertio
992 2880 1132 2948 homine.
1150 2882 1258 2960 Quare
1278 2893 1396 2970 quarta
1418 2902 1495 2969 pars

403 3010 445 3078 de
456 3015 500 3092 ἦ,
518 3010 640 3077 seilicet
651 3015 695 3090 ria·
708 3009 807 3076 totius
818 3028 931 3075 sumae
945 3007 1009 3098 (sic)
1025 3007 1085 3074 luit
1097 3008 1175 3075 illud
1189 3009 1277 3098 quod
1297 3011 1381 3097 cepit
1397 3030 1495 3096 quar-

404 3148 457 3205 tus
477 3138 596 3214 homo,
632 3138 638 3227 Ι
672 3149 704 3203 et
722 3136 853 3225 triplum
872 3135 962 3210 eius,
982 3133 1070 3222 quod
1090 3119 1138 3200 est
1157 3137 1208 3213 ii,
1231 3144 1280 3200 est
1304 3132 1383 3200 illud
1407 3132 1494 3221 quod
1526 3149 1642 3194 rostrum

402 3267 570 3353 accepita
604 3250 699 3330 tertio
731 3262 881 3339 bomine,
917 3259 1037 3349 quibus
1057 3264 1088 3340 ἰ(
1110 3259 1227 3326 additis
1263 3280 1337 3324 cum
1371 3267 1489 3346 quarta

401 3401 514 3481 parte,
538 3390 660 3457 scilieet
688 3408 763 3455 cum
784 3392 816 3467 ἰ(
839 3389 937 3455 totius
968 3407 1117 3460 summe,
1143 3384 1319 3465 faciuntt}
1346 3381 1491 3450 eiusdem

402 3539 549 3595 summe,
568 3530 601 3584 et
620 3526 748 3584 tantum
766 3515 882 3588 habuit
902 3517 1016 3591 tertius
1034 3516 1133 3582 homo
1149 3565 1156 3589 ,
1175 3535 1251 3581 cum
1277 3513 1491 3602 triplicatione

399 3645 461 3711 sibi
480 3645 565 3712 lacta
583 3667 603 3712 a
622 3645 764 3712 meando
784 3643 924 3710 homine.
945 3643 1054 3721 Quare
1072 3644 1167 3709 tertia
1186 3663 1282 3730 pars,
1303 3641 1424 3708 scilicet
1442 3646 1486 3726 ἦ(

388 3771 500 3839 totius
517 3792 656 3848 summe,
670 3770 729 3838 luit
749 3769 826 3837 illud
840 3767 928 3859 quod
941 3772 1026 3857 cepit
1037 3771 1153 3837 tertius
1174 3769 1288 3845 home,
1308 3779 1340 3835 et
1358 3768 1494 3856 duplum

400 3897 441 3963 de
461 3899 526 3981 iris»
562 3892 624 3960 hoc
646 3905 695 3962 est
715 3899 780 3982 ἦ),
814 3907 983 3985 acceperat
1012 3901 1032 3962 a
1065 3895 1209 3962 secundo
1244 3894 1401 3969 homine,
1424 3895 1495 3981 qui-

402 4023 464 4090 bus
477 4025 522 4106 ἦ(
539 4019 657 4087 additis
671 4043 747 4088 cum
763 4032 881 4112 quarta
896 4033 988 4111 parte
1005 4043 1098 4088 sume
1112 4021 1197 4113 (sic),
1212 4043 1277 4110 que
1296 4031 1493 4088 remanserat

400 4148 542 4217 secundo
566 4146 711 4224 homini,
744 4149 884 4216 reddunt
904 4151 950 4235 ἐξ(
980 4169 1038 4237 pru
1062 4169 1100 4216 eo
1123 4147 1212 4236 quod
1236 4148 1351 4215 babuit
1373 4167 1489 4212 secun-

399 4275 460 4342 dus
483 4274 583 4342 horno
607 4295 683 4341 cum
716 4274 935 4362 duplicatione
968 4276 1029 4343 sibi
1054 4276 1138 4343 lacta
1163 4282 1182 4342 a
1206 4277 1310 4363 primo
1333 4272 1486 4347 homine,

400 4424 468 4492 que
489 4415 652 4492 aquantur
673 4400 802 4469 duabus
820 4402 927 4469 rebus.
944 4403 1052 4480 Quare
1070 4402 1225 4469 medietas
1246 4420 1383 4480 eorum,
1404 4401 1488 4471 scili-

400 4537 453 4594 cet
474 4530 517 4613 31⁷„
545 4528 645 4597 totius
665 4547 814 4604 summe,
836 4538 886 4594 est
904 4526 936 4593 id
959 4526 1048 4616 quod
1073 4528 1159 4615 cepit
1181 4525 1344 4595 secundus
1367 4527 1486 4603 bomo,
