4175 5792
1454 686 1490 749 st

407 833 527 921 scriptu
552 834 649 900 trium
674 833 852 900 homiuum.
882 836 1002 900 Ponam
1023 832 1203 901 seeundum
1227 842 1260 899 et
1283 831 1414 897 tertium
1436 851 1496 896 nu-

409 978 534 1023 merum
551 981 621 1027 esse
639 981 722 1036 rem,
741 959 782 1027 de
801 981 868 1049 qua
880 959 1009 1027 abiecta
1029 960 1125 1026 tertia
1149 957 1323 1048 partomi,
1340 977 1497 1045 cumqua

409 1084 534 1171 primus
554 1107 709 1153 numerus
730 1087 835 1176 surgit
854 1087 886 1151 iu
905 1088 948 1153 tt
967 1136 975 1162 ,
997 1085 1211 1154 remanebunt
1231 1089 1246 1166 i
1264 1082 1409 1151 eiusdem
1431 1082 1499 1161 rei;

408 1221 440 1276 et
459 1213 557 1299 quia,
582 1224 619 1279 ut
640 1213 763 1281 dictum
785 1224 854 1290 est,
873 1234 949 1280 cum
973 1213 1015 1280 de
1032 1234 1244 1303 quacumque
1264 1233 1298 1278 re
1321 1209 1445 1277 tollitur
1461 1212 1498 1290 ÷;

410 1337 487 1404 iilud
512 1339 601 1427 quod
616 1340 741 1407 tollitur
762 1351 812 1408 est
836 1340 992 1409 medietas
1014 1338 1085 1409 eius
1107 1339 1197 1431 quod
1221 1352 1388 1417 remanet,
1412 1337 1499 1405 vnde

408 1464 434 1529 si
454 1485 551 1553 super
565 1472 582 1548 ξ
598 1469 645 1535 rei
664 1468 806 1538 addatur
825 1470 996 1538 meditatas
1013 1473 1106 1547 eius,
1128 1467 1246 1537 redibit
1266 1489 1317 1535 res
1336 1467 1496 1557 predicta;

409 1592 498 1680 quod
520 1596 620 1662 etiam
637 1596 777 1664 habetur
801 1599 828 1664 si
845 1598 1104 1688 multiplicentur
1119 1603 1136 1681 ᾗ
1150 1599 1237 1684 dicte
1257 1598 1302 1664 rei
1322 1618 1379 1685 per
1403 1598 1444 1671 3,
1468 1606 1501 1662 et

409 1722 497 1808 quod
518 1727 704 1811 prouenerit
721 1725 890 1820 diuidatur
910 1748 968 1814 per
987 1722 1029 1805 Ξ,
1053 1738 1085 1796 et
1100 1737 1150 1795 est
1166 1725 1245 1794 illud
1263 1725 1348 1792 idem
1367 1724 1500 1813 quaudo

411 1848 625 1938 multiplicaui
648 1854 799 1941 superius
815 1855 835 1920 3
851 1874 908 1943 per
924 1857 965 1929 ἓ,
985 1864 1018 1920 et
1037 1853 1133 1921 diuisi
1154 1875 1212 1943 per
1231 1854 1252 1920 2
1271 1850 1403 1918 uicibus
1418 1854 1451 1926 3,
1468 1864 1500 1917 et

411 1977 511 2045 habui
529 1991 606 2047 tunc
623 2002 692 2046 rem
709 1982 849 2068 positam
866 2002 926 2070 pro
942 1981 1088 2049 secundo
1107 1993 1140 2049 et
1161 1983 1255 2048 tertio
1274 1999 1423 2056 numero,
1440 1999 1501 2067 pro

410 2127 477 2195 qua
502 2107 594 2194 posui
619 2109 631 2172 i
661 2107 724 2174 sub
746 2112 783 2189 ᾖ,
806 2106 847 2175 de
865 2129 932 2196 qua
950 2130 985 2176 re
1008 2110 1119 2198 accepi
1145 2109 1274 2175 tertiam
1299 2118 1447 2196 partem,
1467 2116 1500 2171 et

411 2234 516 2301 abieci
535 2234 575 2302 de
594 2237 658 2311 rt,
684 2245 909 2302 remanserunt
928 2237 971 2302 rt
991 2237 1099 2304 minus
1125 2237 1221 2302 tertia
1245 2236 1289 2301 rei
1314 2202 1501 2323 pro⁸quan-

413 2362 505 2429 titate
524 2362 619 2451 primi
643 2364 791 2438 numeri.
815 2362 936 2451 quibus
952 2363 1073 2429 additis
1096 2384 1172 2430 cum
1196 2360 1339 2429 secundo
1365 2379 1501 2426 numeru

411 2500 444 2555 et
462 2489 572 2566 tertio,
588 2489 710 2557 seilicet
726 2510 803 2556 cum
824 2511 858 2557 re
874 2511 958 2567 una,
973 2491 1034 2556 erit
1059 2500 1127 2557 tota
1151 2511 1245 2557 suma
1264 2487 1329 2580 (air)
1357 2489 1501 2576 ipsorum
1610 2524 1614 2534 ·

414 2620 510 2683 trium
532 2638 744 2685 numerorum
762 2617 841 2683 nihil
858 2619 1000 2708 amplius
1015 2618 1056 2685 de
1072 2619 1115 2685 id
1131 2629 1164 2685 et
1179 2617 1219 2684 de
1236 2621 1252 2698 ξ
1271 2618 1368 2683 unius
1388 2615 1451 2691 rei,
1471 2626 1504 2694 et

414 2755 545 2832 propter
564 2743 625 2811 hoo
644 2745 738 2832 posui
762 2746 783 2809 0
804 2767 903 2835 super
923 2748 979 2823 dd,
1002 2758 1034 2813 et
1053 2747 1146 2829 {sub
1168 2749 1206 2828 ξ,
1230 2758 1261 2812 et
1283 2747 1362 2834 quia
1384 2765 1501 2811 seeun-

414 2871 476 2938 dus
493 2894 651 2939 numerus
669 2877 776 2960 eum}
795 2876 878 2962 tertij
900 2887 932 2941 et
951 2876 1045 2962 primi
1062 2875 1187 2941 numeri
1207 2874 1311 2963 surgit
1336 2874 1368 2940 in
1384 2876 1444 2945 37.
1468 2885 1500 2940 et

413 3000 537 3065 extraxi
557 3001 599 3066 tr
618 2999 659 3066 de
674 3023 768 3068 suma
784 2998 848 3091 (sie)
864 3003 1009 3089 ipsorum
1023 3002 1120 3067 trium
1136 3020 1359 3076 numerorum,
1381 3000 1505 3068 scilieet

414 3126 455 3192 de
474 3127 567 3194 rtet
590 3126 631 3195 de
645 3132 663 3209 35
679 3130 777 3196 unius
793 3130 851 3205 rei,
868 3140 901 3195 et
924 3138 1148 3195 remanserunt
1170 3133 1184 3214 ξ
1208 3128 1301 3215 primi
1318 3139 1350 3195 et
1370 3128 1504 3194 secundi

415 3255 541 3321 numeri
557 3266 589 3321 et
611 3260 626 3338 ᾖ
648 3256 746 3323 unius
770 3257 814 3324 rei
839 3257 947 3323 minus
966 3260 1007 3333 3,
1034 3266 1067 3322 et
1090 3255 1163 3322 ideo
1188 3256 1281 3343 posui
1305 3258 1325 3321 3
1348 3276 1447 3342 super
1462 3258 1504 3320 tr

413 3392 446 3448 et
468 3387 482 3467 ξ
504 3384 567 3451 sub
589 3386 624 3468 };
663 3396 696 3452 et
716 3384 795 3474 quia
817 3404 893 3450 cum
917 3382 957 3450 de
980 3383 1091 3471 aliqua
1113 3382 1297 3472 quantitate
1320 3381 1503 3449 extrahitur

414 3524 532 3600 quarta
555 3534 651 3601 pars,
673 3511 752 3578 iilud
771 3511 861 3601 quod
886 3510 1009 3578 tollitur
1032 3520 1081 3576 est
1105 3510 1202 3576 tertia
1226 3530 1302 3598 pars
1326 3507 1456 3576 residui.

483 3640 598 3707 Addidi
631 3663 730 3729 super
751 3645 769 3722 ξ
790 3641 888 3707 unius
914 3640 961 3705 rei
996 3639 1103 3706 minus
1126 3639 1256 3705 tertiam
1291 3648 1416 3726 partem
1449 3659 1504 3705 eo-

417 3788 510 3842 rum,
545 3769 632 3856 quod
667 3767 704 3834 fit
727 3790 802 3836 cum
828 3767 1088 3858 multiplicantur
1115 3768 1135 3833 2
1158 3788 1223 3856 que
1252 3779 1334 3834 sunt
1366 3770 1497 3855 super2

415 3905 448 3959 et
467 3893 561 3981 peri
583 3915 648 3982 qua
661 3905 738 3962 sunt
760 3895 822 3962 sub
840 3894 934 3984 uirga
955 3893 996 3961 de
1017 3897 1055 3979 ξ,
1079 3903 1111 3961 et
1134 3893 1292 3961 diuiditur
1317 3917 1374 3983 per
1397 3899 1417 3961 3
1439 3908 1534 3983 que*

416 4031 492 4087 sunt
509 4020 572 4087 sub
594 4021 687 4111 uirga
709 4020 852 4104 de}.et
871 4025 1047 4111 per3que
1063 4032 1138 4088 suut
1164 4043 1263 4110 super
1286 4023 1379 4112 uirga
1402 4021 1443 4087 de
1465 4025 1502 4107 ἰ,

416 4159 547 4216 etcum
570 4149 828 4239 multiplicantur
858 4151 966 4239 ique
999 4161 1075 4217 sunt
1098 4148 1162 4217 sub
1186 4150 1277 4238 uirga
1300 4148 1340 4216 de
1364 4153 1376 4233 }
1402 4169 1458 4236 per
1483 4154 1504 4217 3

419 4277 524 4366 posita
539 4297 637 4365 super
653 4277 707 4352 tr,
731 4287 763 4343 et
781 4300 876 4344 suma
894 4276 959 4368 (sie)
981 4276 1139 4344 diuiditur
1157 4298 1214 4365 per
1233 4280 1253 4343 3
1271 4297 1336 4365 que
1355 4286 1431 4342 sunt
1450 4298 1503 4343 su·

418 4424 476 4490 per
494 4404 512 4468 i
526 4454 533 4480 ‚
548 4404 627 4491 quia
643 4423 718 4471 cum
735 4423 833 4492 super
844 4405 954 4494 aliqua
968 4408 1152 4495 quantitate
1168 4403 1299 4470 additur
1316 4404 1412 4470 tertia
1428 4426 1504 4493 pars

419 4543 451 4597 ot
463 4531 499 4596 iit
517 4531 589 4599 inde
604 4532 667 4597 alia
677 4531 857 4619 quantitas,
873 4532 933 4598 erit
951 4533 1116 4620 proportio
1136 4533 1240 4620 prime
1256 4534 1446 4621 quantitatis
1462 4531 1503 4598 ad
