4175 5792
1545 688 1586 754 87

498 853 548 910 est
566 865 589 908 n
606 865 622 909 c
637 847 842 911 numerosi.
859 847 900 911 Et
914 846 1072 934 quoniam
1088 866 1149 933 pai·
1163 854 1212 911 est
1226 862 1383 910 numerus
1399 845 1418 907 it
1439 840 1463 914 l,
1482 840 1509 905 si
1528 859 1586 904 au·

497 970 620 1037 feratur
639 968 682 1037 ab
704 989 744 1037 eo
764 992 920 1039 numerus
939 971 952 1037 1
968 977 1001 1048 t,
1024 970 1088 1040 hoe
1106 983 1156 1039 est
1174 993 1190 1038 e
1208 993 1226 1037 z
1246 971 1303 1060 qui
1318 979 1368 1037 est
1385 988 1462 1056 par,
1481 985 1587 1032 rema-

496 1097 588 1165 nebit
603 1120 760 1166 numerus
779 1102 798 1165 lc
817 1101 837 1165 4
855 1121 925 1190 par.
943 1100 1097 1167 Similiter
1117 1101 1145 1165 si
1162 1120 1261 1188 super
1285 1102 1304 1164 k
1322 1096 1335 1162 4
1355 1095 1496 1164 addatur
1519 1093 1586 1166 in,

496 1227 558 1293 erit
581 1235 670 1292 totus
689 1229 709 1292 It
726 1248 749 1292 n
766 1247 836 1315 par.
854 1230 973 1294 Verum
993 1239 1026 1296 et
1048 1249 1206 1296 numerus
1223 1249 1246 1294 n
1270 1249 1286 1294 e
1309 1238 1358 1294 est
1381 1245 1456 1313 par3
1483 1221 1586 1310 quar‘e
1657 1252 1661 1260 ,

496 1363 587 1421 totus
608 1356 661 1420 ke
679 1364 730 1421 est
752 1376 821 1443 per.
840 1357 883 1421 Et
900 1356 1057 1444 quoniam
1077 1357 1136 1423 icit
1159 1367 1207 1423 est
1234 1376 1314 1445 par,
1338 1351 1588 1443 quotunitates

495 1482 620 1548 suntin
633 1482 807 1550 medietate
818 1484 899 1560 eius,
912 1494 961 1551 tot
974 1485 1100 1573 impare
1113 1483 1177 1576 (ste)
1192 1485 1320 1552 numeri
1336 1480 1533 1549 intercidunt
1544 1475 1587 1544 ab

494 1609 621 1675 unitate
631 1609 791 1698 usquead
804 1631 978 1677 numerum
992 1610 1013 1675 k
1025 1614 1056 1687 it,
1067 1630 1209 1700 quorum
1222 1608 1398 1697 imparium
1411 1626 1506 1673 suma
1521 1603 1585 1693 (sie)

494 1734 572 1801 facit
603 1734 804 1824 quadratum
839 1757 1037 1814 numerum,
1074 1736 1132 1824 qui
1169 1735 1323 1825 prouenit
1354 1755 1394 1800 ex
1430 1730 1584 1817 multipli-

495 1844 624 1931 catidne
655 1863 840 1931 medietatis
873 1864 1001 1932 numeri
1025 1866 1045 1929 lt
1069 1865 1089 1931 h
1111 1865 1145 1930 in
1173 1885 1229 1940 se,
1262 1864 1305 1929 sit
1329 1861 1381 1928 ille
1403 1857 1584 1949 quadratus

494 2011 693 2058 numerus-r
714 2014 741 2058 o.
765 1991 848 2059 Item
870 2001 954 2081 quot
975 1992 1117 2058 unitates
1140 2003 1217 2059 sunt
1235 1991 1268 2056 in
1286 2009 1424 2056 numero
1443 1989 1463 2055 h
1480 2011 1520 2062 n,
1536 1996 1585 2052 tot
1690 1983 1692 1987 ’

494 2119 624 2186 numeri
642 2130 858 2187 numerantur
879 2120 1029 2187 ordinate
1049 2120 1131 2187 inter
1149 2141 1322 2188 numerum
1340 2118 1361 2183 k
1380 2120 1400 2185 t
1422 2128 1454 2185 et
1474 2137 1587 2183 nume-
1626 2208 1629 2217 .
1694 2141 1697 2147 ·

494 2269 569 2313 rum
593 2252 613 2313 k
641 2270 678 2325 n,
700 2268 843 2337 quorum
869 2245 1044 2314 multitudo
1073 2259 1122 2313 est
1144 2269 1224 2336 par,
1247 2267 1324 2314 cum
1344 2265 1502 2313 numerus
1524 2245 1584 2310 dn

492 2373 536 2439 sit
558 2394 627 2462 par.
647 2375 708 2442 Sed
729 2375 901 2442 dimidium
921 2377 1049 2442 numeri
1067 2377 1089 2442 h
1108 2398 1130 2443 a
1148 2388 1197 2442 est
1220 2397 1236 2440 e
1257 2396 1287 2441 z.
1307 2375 1393 2462 Ergo
1413 2381 1495 2461 quot
1512 2369 1584 2436 uni·

493 2484 578 2569 tates
600 2514 678 2570 sunt
700 2505 733 2570 in
757 2526 894 2575 numero
913 2528 929 2572 e
945 2529 987 2583 z,
1012 2516 1061 2572 tot
1084 2507 1225 2594 impares
1243 2503 1370 2571 numeri
1388 2499 1586 2569 intercidunt

496 2629 581 2696 inter
596 2652 753 2699 numeros
772 2632 793 2697 k
810 2632 830 2697 t
847 2645 879 2700 et
898 2634 941 2700 tt
959 2633 1018 2725 (i),
1033 2655 1074 2701 ex
1091 2653 1232 2722 quorum
1254 2630 1461 2699 multitudine
1478 2638 1586 2695 osten·

492 2776 567 2822 sum
590 2769 640 2824 est
670 2763 843 2849 prouenire
866 2784 1040 2830 numerum
1066 2784 1148 2850 op,
1172 2758 1336 2831 cum‘sint
1360 2764 1447 2830 circa
1469 2782 1584 2829 nume-

496 2905 571 2950 rum
591 2887 611 2951 lt
629 2886 653 2963 t,
682 2888 839 2956 medietas
861 2910 1003 2978 quorum
1029 2892 1224 2960 intercidunt
1244 2895 1327 2959 inter
1354 2911 1509 2959 numeros
1526 2891 1585 2956 tt

492 3022 527 3077 et
549 3013 570 3077 ic
590 2996 664 3090 l‚'et
679 3016 744 3082 alia
760 3016 915 3084 medietas
935 3018 942 3107 Ι
962 3019 1045 3085 inter
1068 3019 1162 3088 iclet
1177 3024 1197 3086 t
1214 3042 1252 3100 n3
1274 3039 1352 3109 ergo
1371 3041 1410 3087 ex
1429 3018 1582 3086 omnibus
1615 3031 1737 3078 attam

494 3140 697 3229 imparibus,
720 3145 777 3233 qui
801 3156 877 3211 sunt
905 3145 948 3211 ab
971 3147 1097 3214 unitate
1120 3148 1280 3235 usquein
1304 3167 1477 3212 numerum
1501 3147 1581 3220 lte,

489 3271 642 3356 prouenit
664 3292 738 3360 ep,
762 3283 796 3339 et
817 3282 867 3340 est
896 3273 1097 3362 quadratus,
1120 3274 1215 3340 cuius
1239 3272 1331 3340 radix
1354 3283 1403 3338 est
1426 3271 1583 3339 medietas

491 3397 620 3462 numeri
653 3395 672 3455 k
703 3420 735 3463 n.
772 3399 897 3466 Rursus
918 3410 1001 3488 quot
1025 3401 1168 3467 unitates
1190 3411 1267 3467 sunt
1290 3401 1323 3465 in
1342 3419 1478 3466 numero
1500 3419 1523 3462 n
1544 3420 1582 3473 o,

493 3528 542 3584 tot
564 3523 691 3588 numeri
714 3523 911 3590 intercidunt
935 3532 1018 3592 inter
1041 3545 1195 3591 numeros
1213 3527 1232 3590 it
1250 3546 1271 3623 η
1290 3536 1323 3591 et
1341 3528 1361 3591 ic
1378 3547 1414 3602 c,
1439 3542 1581 3609 quorum

490 3646 649 3715 medietas
660 3660 709 3715 est
727 3672 767 3716 ex
784 3650 964 3738 imparibus
975 3652 1139 3718 numeris:
1154 3673 1236 3740 ergo
1251 3664 1333 3742 quot
1345 3654 1486 3720 unitates
1505 3662 1580 3720 sunt

491 3773 524 3838 in
547 3795 684 3842 numero
701 3797 735 3841 m
755 3799 799 3853 n,
824 3776 887 3843 hoe
902 3788 952 3844 est
967 3777 999 3843 in
1018 3802 1038 3846 z
1054 3781 1088 3852 i,
1113 3789 1160 3844 tot
1175 3780 1302 3846 numeri
1323 3780 1464 3868 impares
1483 3780 1579 3845 inter-

560 4067 593 4128 (4)
609 4051 631 4116 Ε
647 4068 733 4118 chiam
747 4071 851 4120 doversi
864 4071 965 4133 leggere
981 4071 1022 4120 tn
1038 4072 1064 4120 in
1077 4083 1138 4121 vece
1149 4071 1175 4119 di
1189 4072 1221 4121 tt
1232 4075 1297 4123 nella
1308 4075 1373 4124 linea
1384 4075 1571 4136 decimaquinta

499 4164 524 4214 di
539 4172 629 4229 questa
643 4170 735 4232 pagina
750 4170 789 4220 87.
805 4170 923 4220 Tuttavia
939 4171 958 4219 il
974 4169 1069 4220 Codice
1081 4172 1249 4223 ambrosiano
1264 4173 1296 4224 E.
1308 4175 1350 4234 75,
1363 4176 1436 4224 Parte
1446 4176 1572 4236 superiora
1617 4146 1624 4151 ἱ

500 4267 577 4326 (carta
587 4267 618 4318 28
632 4275 716 4333 recto,
732 4271 777 4321 lin.
788 4271 827 4334 34)
845 4273 876 4321 ha
896 4275 1027 4346 Ιψκῃιιι.
1043 4309 1051 4334 ,
1071 4286 1142 4323 come
1158 4275 1223 4324 nella
1234 4274 1373 4325 medesima
1382 4277 1449 4325 linea
1458 4276 1572 4326 decima·

497 4365 594 4424 quinta.
604 4364 624 4412 11
634 4365 728 4416 Codice
738 4365 854 4429 L.1v,2t
871 4365 939 4417 della
949 4366 1088 4417 Biblioteea
1098 4367 1217 4428 pubblica
1228 4367 1368 4418 Comunale
1377 4368 1403 4417 di
1414 4367 1489 4418 Siena
1503 4372 1568 4428 (car-

499 4463 523 4509 ta
539 4460 596 4524 493,
612 4469 696 4526 recto,
713 4465 823 4527 tiamsi,
843 4467 875 4516 ha
902 4471 1028 4544 amat„
1048 4502 1055 4526 ‚
1075 4466 1142 4516 edil
1159 4469 1253 4518 Codice
1271 4467 1300 4518 d.
1319 4467 1344 4518 5.
1362 4469 1387 4518 ὅ.
1404 4468 1435 4517 48
1451 4467 1509 4518 dell'
1522 4470 1540 4519 4.
1558 4482 1572 4518 e

499 4558 529 4607 R.
542 4558 681 4612 Biblioteea
697 4563 806 4613 Palatina
817 4563 843 4612 di
856 4563 960 4616 Firenze
977 4567 1054 4627 (carta
1065 4563 1123 4625 27⁴,
1140 4567 1217 4624 rosto,
1228 4562 1272 4612 lin.
1285 4563 1308 4623 4)
1326 4563 1358 4612 ha
1374 4577 1389 4612 a
1409 4568 1459 4636 ῃ,
1472 4565 1546 4637 2122,
1560 4577 1575 4610 s

502 4652 542 4703 nei
559 4657 626 4716 passi
643 4656 844 4721 corrispondenti
859 4673 874 4707 a
890 4663 980 4720 questo
997 4671 1071 4720 passo
1087 4656 1129 4706 del
1147 4654 1241 4706 Codice
1258 4654 1427 4708 Ambrosiam
1438 4655 1569 4708 suddetto.
