4175 5792
504 1515 643 1615 Iucipt‘t
675 1518 768 1595 libor
795 1519 1066 1617 quadratorum
1094 1523 1308 1616 compositus
1337 1515 1362 1593 d
1390 1517 1565 1594 leonardo
1617 1566 1742 1612 pm

729 1663 875 1762 „pisano
906 1662 1016 1742 Aret.
1049 1664 1102 1745 M.
1131 1663 1202 1741 CC.
1227 1664 1296 1742 XX
1302 1659 1352 1739 V(

558 2507 627 2574 Cvu
651 2509 802 2597 Magister
824 2507 1009 2574 dominicus
1045 2508 1185 2597 pedibus
1218 2507 1419 2575 celsitudinis
1454 2499 1584 2581 uestro,

490 2635 643 2724 princeps
659 2636 890 2723 gloriosissime
908 2635 1051 2703 domine.
1073 2638 1123 2712 tt,
1138 2658 1191 2703 me
1208 2638 1286 2725 pisis
1301 2637 1435 2704 duceret
1454 2658 1585 2726 presen-

491 2762 644 2840 tandum,
662 2783 838 2831 0ccurrens
858 2765 1009 2854 Magister
1023 2763 1189 2834 lohannes
1212 2768 1483 2856 panormitanus,
1506 2788 1586 2855 que·

490 2891 628 2958 stionem
646 2891 725 2957 mihi
750 2894 920 2981 proposuit
948 2893 1203 2983 infrascriptam,
1228 2916 1294 2961 non
1319 2896 1426 2962 minus
1449 2894 1491 2962 ad
1511 2916 1586 2984 geo-

490 3021 640 3086 metriam
673 3041 774 3109 quam
799 3020 840 3087 ad
867 3042 1041 3088 numerum
1078 3023 1313 3110 pertinentem
1338 3034 1372 3089 vt
1406 3023 1585 3090 inuenirem
1705 3038 1707 3042 ·

475 3170 667 3215 ,ιιιιωθηιω
690 3149 914 3238 quadratum,
939 3150 992 3216 cui
1014 3155 1161 3238 quinque
1185 3151 1306 3218 additis
1327 3154 1380 3219 uel
1400 3151 1582 3222 diminutis,

490 3295 620 3364 semper
656 3277 731 3343 inde
765 3277 948 3365 quadratus
982 3298 1141 3344 numerus
1174 3279 1336 3345 oriretur:
1362 3299 1460 3366 super
1490 3278 1585 3344 cuius

490 3404 671 3490 questionis
697 3401 902 3472 solutiones
927 3427 980 3472 me
1009 3406 1074 3470 iam
1103 3406 1237 3472 inuenta
1264 3405 1492 3487 considerans,
1517 3405 1591 3483 uidi,

491 3527 581 3616 quod
604 3526 749 3596 hahebat
772 3530 931 3617 originem
955 3530 1076 3597 solutio
1101 3531 1172 3619 ipsa
1197 3553 1237 3597 ex
1260 3531 1372 3598 multis
1407 3553 1473 3620 que
1504 3552 1585 3620 qua-

491 3653 595 3722 dratis
617 3669 651 3723 et
672 3658 757 3725 inter
783 3655 965 3746 quadratos
999 3678 1155 3724 numeros
1188 3656 1353 3724 accidunt.
1386 3659 1498 3746 Nuper
1530 3678 1587 3723 au·

492 3794 559 3851 tem
583 3803 658 3849 cum
683 3786 896 3853 relationibus
921 3786 999 3874 pisis
1025 3787 1162 3874 positis,
1186 3797 1218 3852 et
1249 3787 1389 3854 aliorum
1427 3785 1588 3853 reddeun-

491 3911 577 3976 tium
600 3910 643 3976 ab
667 3911 826 4000 imperiali
851 3904 963 3989 curia,
987 3914 1202 3981 intellexerim
1231 3915 1321 4002 quod
1353 3915 1506 4005 dignatur
1532 3935 1586 3980 ue-

490 4046 560 4102 stra
583 4036 733 4105 sublimis
757 4042 910 4108 maiestas
934 4042 1040 4130 legere
1058 4063 1157 4130 super
1180 4041 1301 4107 librum
1325 4063 1424 4131 quem
1452 4059 1587 4127 compo-

492 4167 545 4234 sui
568 4165 609 4233 de
630 4187 790 4243 numero,
824 4181 857 4236 et
888 4169 977 4258 quod
1001 4169 1228 4256 placotuobis
1251 4170 1365 4237 audire
1388 4168 1586 4258 aliquotiens

492 4293 691 4361 subtilitates
713 4292 753 4359 ad
779 4297 992 4382 geometriam
1015 4308 1049 4365 et
1072 4319 1246 4364 numerum
1271 4298 1510 4386 contingentes.
1536 4319 1585 4364 re-

494 4445 679 4492 memorans
703 4425 735 4489 in
769 4435 879 4490 uestra
913 4426 1024 4501 ouria,
1059 4438 1091 4493 et
1114 4448 1134 4492 a
1157 4438 1267 4493 uestro
1292 4424 1499 4516 phylosopho
1532 4449 1586 4494 su-
