4175 5792
598 696 642 764 20

595 853 646 908 661
668 842 683 921 l
706 843 765 916 16,
792 849 825 907 61
848 848 1073 906 remanserunt
1096 839 1124 904 61
1150 832 1508 916 6116116866111111116
1528 853 1609 901 uero
1628 828 1692 899 ho-

596 986 650 1033 mo
672 968 713 1034 de
735 967 804 1033 suis
828 968 870 1033 13
892 987 957 1056 que
979 968 1065 1054 oepit
1101 967 1208 1054 posuit
1233 967 1265 1032 in
1288 960 1429 1032 couiune
1454 963 1586 1030 tertiam
1613 975 1692 1050 par-

595 1110 682 1173 tem,
705 1096 828 1163 seilicet
848 1097 866 1178 1
889 1096 928 1171 l,
951 1106 984 1163 et
1007 1104 1235 1162 remanserunt
1257 1093 1286 1161 61
1310 1097 1328 1175 1
1351 1097 1381 1160 8.
1398 1092 1523 1160 Tertius
1542 1112 1692 1179 namquo

596 1223 694 1291 bomo
714 1223 755 1290 de
772 1243 838 1291 uno
852 1222 942 1312 quod
958 1223 1044 1313 oepit
1060 1223 1170 1311 posuit
1186 1223 1218 1287 in
1233 1243 1374 1289 comune
1394 1231 1521 1288 sextam
1541 1228 1690 1307 partem,

593 1351 715 1418 scilicet
730 1352 745 1430 l
760 1350 873 1425 unius,
884 1359 918 1416 61
929 1360 1156 1417 remanserunt
1172 1350 1200 1415 ei
1215 1351 1349 1428 {unios
1363 1348 1491 1415 Additis
1503 1367 1580 1437 ergo
1596 1349 1611 1428 1
1630 1349 1689 1422 16,
1741 1330 1745 1339 ’

594 1500 658 1565 que
680 1479 789 1566 posuit
814 1478 940 1567 primus
960 1476 1060 1544 bomo
1083 1478 1116 1542 in
1139 1479 1287 1554 comuni,
1303 1488 1336 1544 61
1355 1479 1373 1560 l
1391 1478 1411 1542 1
1430 1498 1495 1566 qua
1512 1477 1623 1566 posuit
1638 1498 1689 1542 se-

594 1603 743 1680 cundus,
766 1614 798 1671 et
820 1607 836 1685 1
858 1605 955 1672 unius
978 1585 1080 1692 1111661
1104 1606 1213 1693 posuit
1238 1606 1374 1681 tertius,
1398 1590 1607 1694 egredientu'r
1627 1624 1690 1692 pro

596 1743 663 1796 tota
681 1753 812 1798 summa
827 1735 881 1809 21,
900 1753 1042 1823 quorum
1057 1735 1152 1799 tertia
1167 1754 1258 1821 pars,
1277 1754 1342 1822 que
1360 1744 1409 1800 est
1428 1734 1459 1809 7,
1477 1733 1504 1800 si
1521 1731 1688 1800 addantur

594 1879 671 1924 eum
692 1862 707 1940 1
731 1862 795 1935 16,
818 1882 883 1951 que
907 1873 1134 1929 remanserunt
1157 1862 1277 1949 primo,
1296 1871 1328 1928 et
1351 1881 1428 1927 oum
1451 1865 1467 1942 1
1490 1865 1524 1936 8,
1547 1883 1613 1950 que
1638 1883 1688 1929 re-

597 1997 787 2056 manserunt
801 1987 961 2066 seeundo,
976 2000 1009 2056 61
1023 2009 1100 2056 cum
1111 1991 1126 2069 1
1138 1989 1247 2060 unios,
1259 2008 1323 2078 que
1336 1999 1560 2057 remanserunt
1577 1990 1687 2063 tertio,

595 2114 729 2182 babebit
741 2118 867 2204 primus
878 2087 978 2184 bomo
990 2117 1198 2185 medietatem
1212 2117 1311 2183 totius
1325 2116 1685 2203 116611111666111661123.

593 2243 634 2310 Et
655 2244 819 2312 secundus
841 2244 941 2313 homo
964 2244 1099 2313 habebit
1120 2245 1248 2312 tertiam
1267 2253 1395 2334 partam
1414 2243 1561 2312 eiusdem
1585 2265 1685 2332 pecu-

594 2371 660 2445 nie,
682 2371 806 2439 scilieet
827 2374 844 2452 1
866 2376 924 2448 16,
948 2384 981 2439 et
1004 2373 1119 2439 tertius
1135 2370 1234 2438 bomo
1251 2371 1386 2439 babebit
1408 2383 1533 2439 sextam
1555 2385 1684 2461 partem

592 2498 737 2566 eiusdem
754 2500 1105 2589 11661111166611166117.
1123 2501 1164 2564 Ε1
1182 2481 1428 2566 sieseeundum
1445 2499 1533 2568 huno
1546 2501 1682 2568 modum

598 2624 775 2692 solutiones
796 2625 950 2691 similium
980 2606 1189 2715 questionum
1220 2623 1260 2694 de
1290 2625 1373 2691 laeili
1398 2624 1512 2693 baberi
1535 2638 1683 2714 possunt.

636 2827 683 2888 De
705 2825 839 2913 quinque
861 2827 998 2891 1111616116
1019 2823 1203 2914 reperiendis
1226 2846 1267 2891 ee
1284 2824 1532 2915 proportionibus
1554 2826 1644 2891 datis.

657 3009 780 3076 8611111
801 3011 900 3078 etiam
924 3031 982 3101 per
1004 3011 1207 3079 consimilem
1229 3009 1366 3079 modum
1395 3022 1570 3101 utramque
1599 3032 1681 3099 que-

590 3135 742 3210 stionem,
766 3154 849 3224 quas
872 3155 929 3223 per
953 3134 1156 3203 robertinum
1180 3124 1278 3226 aggii-i
1315 3137 1403 3228 (116)
1444 3135 1680 3203 (161111661111111

589 3271 736 3327 uestrum
753 3271 861 3328 uestra
876 3261 1037 3328 maiestati
1054 3263 1241 3338 transmisi,
1265 3285 1407 3352 quarum
1426 3264 1532 3351 prima
1555 3262 1615 3327 luit
1637 3261 1682 3329 de

588 3393 733 3479 quinque
748 3390 906 3467 numeris,
924 3411 964 3457 ex
980 3390 1102 3480 quibus
1117 3391 1243 3479 primus
1258 3411 1336 3459 oum
1352 3391 1525 3457 medietate
1540 3389 1679 3455 secundi

587 3528 620 3584 61
634 3516 718 3604 tertij
738 3525 771 3583 et
789 3516 899 3604 quarti
918 3515 995 3583 lacit
1009 3528 1171 3606 quantum
1189 3517 1354 3586 secundus
1371 3537 1448 3584 eum
1468 3516 1562 3583 tertia
1578 3528 1676 3603 parte

553 3622 558 3632 ⁸
590 3642 673 3728 tertij
697 3653 730 3708 et
752 3641 861 3729 quartj
885 3652 918 3708 61
940 3641 1045 3730 quinti
1066 3643 1209 3720 numeri,
1232 3655 1264 3710 et
1288 3652 1448 3731 quantum
1465 3641 1579 3708 tertius
1599 3663 1679 3710 eum

587 3780 706 3859 quarta
728 3781 821 3858 parte
842 3771 952 3859 quartj
976 3781 1009 3837 61
1031 3772 1136 3859 quinti
1170 3783 1203 3838 et
1233 3771 1328 3859 primj
1353 3771 1504 3846 numeri,
1528 3790 1589 3837 1166
1612 3791 1680 3838 non

588 3908 621 3966 61
642 3907 804 3987 quantum
827 3909 966 3986 quartus
988 3919 1065 3966 oum
1087 3899 1203 3987 quinta
1226 3907 1318 3985 parte
1340 3897 1445 3984 quintj
1474 3909 1507 3964 et
1529 3899 1625 3987 primj
1645 3911 1680 3967 61

585 4022 720 4092 secundi
744 4025 893 4101 numeri,
915 4036 947 4093 61
966 4024 1076 4093 adhue
1091 4035 1254 4114 quantum
1269 4024 1405 4112 quintus
1422 4046 1579 4092 uumerus
1598 4045 1678 4092 611111

585 4163 676 4218 sexta
698 4163 790 4240 parte
824 4153 920 4241 primj
944 4165 976 4220 et
998 4151 1133 4220 secundi
1167 4162 1201 4219 et
1233 4152 1318 4239 tertij
1356 4153 1493 4219 numeri.
1528 4150 1577 4217 Ad
1612 4150 1678 4220 hoo

588 4280 698 4368 ltaque
721 4279 974 4356 inueniendum,
999 4281 1094 4367 posui
1118 4299 1178 4367 pro
1194 4279 1300 4368 primo
1316 4299 1454 4347 numero
1475 4298 1622 4354 causam,
1642 4290 1677 4344 et

586 4428 646 4497 pro
669 4410 784 4497 quinto
807 4432 897 4485 rem,
920 4418 953 4476 et
978 4428 1037 4497 pro
1061 4429 1219 4486 numero,
1245 4409 1277 4475 in
1299 4427 1367 4498 quo
1384 4406 1578 4494 subscriptis
1594 4425 1701 4485 oon-¹

584 4532 762 4602 ditionibus
783 4536 845 4603 sibi
869 4536 1011 4604 inuicem
1033 4546 1197 4626 aquantur
1212 4537 1339 4604 numeri
1361 4531 1513 4621 predicti,
1532 4531 1672 4600 lortuitu

587 4660 681 4749 posui
704 4663 758 4728 17.
781 4661 824 4729 Ε1
845 4664 924 4753 quia
946 4664 1073 4752 primus
1094 4685 1274 4742 uumerus,
1306 4681 1405 4750 quem
1440 4676 1576 4725 causam
1603 4680 1678 4728 esso
