4175 5792
1454 707 1496 771 79

404 870 536 926 totuse
569 879 586 922 z
621 859 682 924 erit
712 857 804 922 radix
829 865 861 922 et
890 852 1020 923 duabus
1049 854 1232 920 unitatibus
1260 851 1400 927 additis,
1425 872 1490 940 que

403 998 482 1054 sunt
503 991 571 1062 is,
593 996 625 1053 et
647 985 828 1073 composito
863 1004 902 1049 ex
930 983 978 1048 eis
999 982 1074 1056 dz,
1098 992 1194 1048 erunt
1209 980 1274 1048 due
1296 979 1422 1047 radices
1437 1031 1445 1055 ,
1461 991 1493 1046 et

405 1113 470 1182 due
491 1114 642 1180 unitates.
667 1114 715 1178 Ex
743 1111 846 1178 ductu
876 1108 1008 1198 quidem
1025 1106 1088 1175 'de
1116 1110 1149 1174 in
1167 1131 1183 1174 c
1205 1129 1224 1174 z
1242 1109 1393 1197 prouenit
1416 1129 1497 1196 qua·

406 1239 521 1307 dratus
542 1251 575 1307 et
608 1239 672 1307 due
707 1239 842 1306 radices.
867 1239 916 1303 Ex
945 1235 1047 1303 ductu
1081 1235 1215 1324 quidem
1237 1234 1357 1302 horum
1381 1237 1415 1301 in
1437 1257 1498 1301 nu-

405 1390 532 1436 merum
548 1369 570 1435 d
588 1390 628 1446 z,
648 1367 710 1435 hoc
726 1379 776 1435 est
797 1369 830 1432 in
848 1366 931 1432 duas
949 1363 1074 1431 radices
1090 1376 1123 1430 et
1140 1365 1173 1430 in
1191 1363 1279 1440 duo,
1300 1365 1499 1452 proueniunt

405 1494 554 1562 similiter
576 1494 642 1561 duo
672 1495 749 1563 cubi
773 1505 805 1561 et
836 1515 893 1562 sex
913 1491 1068 1582 quadrati
1091 1503 1123 1559 et
1146 1501 1213 1558 1111⁰¹
1233 1492 1368 1560 radices.
1391 1493 1500 1571 Quare

406 1632 574 1689 ostensum
597 1633 646 1690 est
668 1622 808 1690 solidum
824 1620 914 1712 quod
934 1622 971 1687 fit
993 1625 1013 1688 a
1031 1623 1176 1688 numeris
1198 1644 1217 1706 9
1236 1622 1275 1697 d,
1301 1622 1364 1698 de,
1384 1644 1403 1705 9
1420 1643 1449 1692 e,
1466 1632 1499 1687 et

405 1749 649 1839 duodecuplum
684 1750 857 1840 quadrati,
882 1750 971 1840 quod
1000 1749 1079 1817 fita
1109 1770 1247 1817 numero
1273 1750 1295 1816 d
1322 1772 1357 1826 e,
1384 1751 1501 1840 equale

407 1899 479 1944 esse
502 1878 627 1956 solido,
651 1879 742 1969 quod
765 1879 801 1945 tit
824 1883 843 1947 a
865 1880 1009 1946 numeris
1032 1883 1105 1954 de,
1128 1900 1201 1955 ez,
1224 1883 1290 1945 dz.
1314 1878 1501 1969 Eodemque

406 2003 507 2072 modo
523 2005 713 2074 ostendetur
728 2007 881 2082 solidum,
901 2005 990 2096 quod
1003 2004 1039 2070 fit
1056 2011 1075 2075 a
1091 2009 1236 2073 numeris
1252 2011 1269 2072 t
1283 2027 1326 2094 9,
1343 2029 1362 2091 9
1378 2011 1413 2095 d,
1432 2011 1449 2072 b
1465 2009 1498 2083 d,

405 2153 483 2199 cum
513 2131 718 2222 duodecuplo
745 2135 918 2224 quadrati,
942 2137 999 2226 qui
1019 2135 1056 2202 fit
1082 2139 1102 2202 tr
1121 2152 1259 2202 numero
1278 2156 1297 2218 9
1318 2137 1353 2210 d,
1384 2135 1498 2222 equari

407 2258 534 2337 solido,
556 2259 646 2348 quod
669 2261 706 2326 fit
727 2265 746 2328 a
768 2263 1011 2351 numeris9d‚
1034 2263 1103 2338 de,
1125 2283 1146 2348 9
1169 2283 1194 2326 c.
1219 2262 1305 2347 Ergo
1332 2259 1496 2335 solidum,

406 2384 497 2474 quod
520 2385 934 2465 fitanumerisde,ez.
957 2390 1191 2478 dz,equatur
1209 2389 1335 2466 solido,
1355 2388 1445 2478 quod
1464 2388 1501 2454 fit

407 2519 427 2583 a
448 2518 594 2585 numeris
615 2517 633 2582 b
644 2537 686 2607 9,
702 2538 723 2605 9
742 2521 774 2594 d,
795 2521 812 2583 t
831 2521 864 2594 d,
884 2528 917 2586 et
935 2517 1141 2606 duodeouplo
1161 2517 1422 2608 quadratorum,
1440 2518 1515 2606 qui'

408 2645 527 2712 suerint
539 2648 559 2713 a
570 2646 715 2713 numeris
730 2667 752 2734 9
769 2646 802 2723 d,
816 2650 836 2712 d
854 2669 879 2713 c.
893 2646 1017 2712 Rursus
1036 2646 1156 2722 etiam,
1176 2646 1372 2734 supradictis
1388 2645 1498 2734 dispo-

408 2771 481 2837 sitis
494 2822 502 2849 ,
517 2771 707 2839 ostendetur
722 2772 862 2840 solidum
877 2823 884 2850 ,
902 2771 992 2861 quod
1007 2773 1043 2838 fit
1059 2775 1078 2838 a
1095 2774 1238 2840 numeris
1255 2772 1321 2862 b9,
1339 2797 1360 2862 9
1375 2775 1408 2851 d,
1428 2778 1445 2839 t
1461 2775 1497 2850 d,

406 2899 524 2988 equale
535 2922 606 2968 esse
617 2900 737 2978 solido,
748 2899 837 2989 quod
850 2900 886 2965 fit
897 2901 940 2968 ab
951 2903 1078 2969 unitate
1090 2923 1110 2968 o
1123 2902 1152 2978 d,
1164 2914 1196 2970 et
1207 2904 1353 2969 numeris
1364 2905 1382 2967 b
1393 2925 1424 2986 9,
1436 2923 1499 2990 u9,

408 3037 442 3094 et
464 3026 671 3115 duodecupIo
694 3027 868 3118 quadrati,
894 3028 951 3116 qui
974 3025 1011 3092 fit
1037 3049 1057 3093 a
1087 3049 1224 3099 numero
1249 3029 1268 3095 b
1290 3050 1321 3115 9.
1342 3026 1405 3095 Sed
1425 3029 1500 3095 soli-

407 3152 510 3232 dum,
532 3155 620 3244 quod
639 3154 674 3221 fit
694 3156 737 3222 ab
752 3156 880 3222 unitate
894 3157 1435 3243 ort,eta'rnumeristpeta9,
1451 3165 1500 3222 est

406 3259 653 3372 duodeouplum
674 3282 827 3372 quadrati
843 3335 850 3356 .
868 3285 925 3373 qui
948 3283 986 3349 fit
1008 3285 1052 3351 ab
1080 3285 1206 3351 unitate
1233 3286 1311 3359 ab,
1337 3284 1500 3350 ternarius

405 3418 458 3477 ost
480 3431 637 3478 numerus
659 3415 676 3476 t
694 3433 730 3498 9,
748 3413 979 3500 quaternarius
995 3432 1127 3502 quoque
1150 3433 1305 3479 numerus
1328 3432 1394 3498 99.
1416 3412 1502 3500 Ergo

407 3534 551 3603 solidum
567 3588 574 3614 ‚
597 3537 685 3626 quod
703 3537 773 3605 fita
797 3539 948 3615 numeris,
961 3538 983 3603 d
996 3562 1024 3615 e,
1044 3560 1109 3613 ez,
1129 3539 1151 3605 d
1165 3559 1200 3612 z,
1216 3547 1357 3627 equatur
1380 3536 1503 3604 duode-

406 3661 544 3749 euplum
567 3664 714 3731 omnium
737 3663 999 3753 quadratorum,
1024 3666 1080 3753 qui
1101 3665 1218 3733 fiuntd
1241 3666 1504 3744 subiacentibus,
1585 3734 1589 3741 ,

405 3788 532 3856 scilicet
554 3789 598 3857 ab
620 3790 849 3865 unitatem,
871 3800 904 3856 et
929 3794 948 3857 a
971 3794 1117 3860 numeris
1140 3796 1247 3882 ὺ9,9
1270 3794 1390 3870 dde,
1413 3791 1503 3882 quod

406 3914 583 4004 oportebat
605 3915 786 3985 ostendere.

476 4043 578 4109 Simili
599 4064 732 4133 quoque
768 4045 888 4123 modo,
912 4047 939 4112 si
963 4049 982 4112 a
1013 4045 1140 4113 binario
1169 4047 1384 4136 disponantur
1406 4067 1501 4135 pares
1524 4069 1652 4114 faama

407 4170 537 4237 numeri
571 4181 796 4261 quotcumque
824 4194 884 4261 per
915 4173 1083 4248 ordinem,
1120 4174 1304 4241 inuenietur
1337 4171 1498 4250 solidum,
1533 4214 1536 4219 ι

406 4295 498 4385 quod
521 4296 583 4364 erit
607 4296 650 4363 ab
669 4298 786 4365 ultimo
807 4320 944 4373 eorum,
966 4310 1000 4366 et
1023 4303 1042 4366 a
1065 4310 1241 4389 sequente,
1264 4309 1296 4366 et
1320 4298 1363 4365 ab
1385 4318 1500 4366 eorum

408 4428 614 4510 composito,
638 4426 751 4513 equari
771 4425 977 4517 duodecuplo
998 4432 1145 4497 omnium
1165 4427 1425 4517 quadratorum,
1445 4427 1501 4517 qui

411 4549 497 4615 fiunt
520 4554 539 4617 a
562 4549 726 4640 dispositis
750 4555 884 4642 paribus
907 4557 1062 4622 numeris.
