4175 5792
605 698 646 760 10

601 861 711 909 merus
721 840 763 909 ad
775 841 974 930 quadratum
987 863 1176 920 numerum,
1192 851 1228 910 ut
1243 843 1270 911 si
1287 843 1394 910 maius
1409 861 1528 909 nomen
1543 841 1586 909 sit
1597 840 1698 908 radix

603 966 653 1035 de.
677 985 760 1043 cxii,
784 969 892 1037 minus
912 969 965 1035 sit.
988 988 1063 1046 vri,
1088 979 1167 1039 tuno
1189 968 1357 1039 residuum
1378 969 1467 1059 qnod
1497 978 1546 1037 est
1568 973 1589 1036 a
1611 991 1700 1058 qua-

604 1093 700 1165 drato
717 1094 908 1183 septenarii,
927 1095 1050 1163 scilicet
1076 1100 1097 1163 a
1122 1116 1172 1163 in..
1196 1115 1272 1163 vnn.
1296 1096 1329 1162 in
1350 1115 1379 1163 c.
1399 1115 1469 1175 xri..
1491 1094 1573 1163 idest
1594 1116 1698 1176 uun,

602 1219 703 1288 habet
722 1222 964 1310 proportionem
982 1222 1034 1291 ad.
1047 1241 1137 1301 cru..
1149 1225 1235 1290 siout
1245 1223 1427 1314 quadratus
1438 1245 1604 1292 numerus.
1616 1243 1696 1290 vrnr.

521 1387 532 1412 .
601 1346 643 1419 ad
661 1347 861 1437 quadratum
882 1371 1067 1417 numerum.
1092 1369 1155 1417 xvi.
1183 1352 1245 1418 Per
1270 1351 1400 1419 tertiam
1421 1372 1554 1442 quoque
1576 1351 1697 1418 intelli-

600 1474 688 1562 gitur
710 1475 903 1564 compositio
925 1474 1067 1543 duarum
1086 1475 1235 1547 radicum
1250 1475 1455 1546 diuersorum
1474 1498 1694 1545 numerorum

601 1621 667 1668 non
690 1601 883 1677 habentium
905 1603 1150 1690 proportionem
1179 1601 1364 1670 adinuicem
1391 1603 1478 1670 sicut
1505 1602 1695 1693 quadratus
1740 1694 1744 1701 Ι

600 1749 757 1795 numerus
773 1727 816 1795 ad
835 1728 1038 1817 quadratum¹
1055 1750 1243 1802 numerum,
1259 1739 1292 1796 et
1315 1729 1422 1797 maius
1439 1748 1560 1797 nomen
1582 1740 1694 1818 potest

603 1855 677 1943 plus
692 1855 831 1931 minore,
849 1855 940 1944 quod
959 1876 980 1921 a
1001 1855 1291 1924 commensurabili
1308 1856 1372 1923 eibi
1387 1856 1609 1947 longitudine,
1626 1853 1693 1925 hoo

599 1993 649 2049 est
677 1981 766 2070 qnod
803 1981 986 2051 differentia
1008 1995 1144 2073 quaest
1167 1985 1250 2051 inter
1277 1993 1456 2074 utrumque
1488 1983 1691 2074 quadratum

601 2111 747 2198 ipsarum
767 2110 914 2179 radicum
926 2110 1047 2181 babeat
1064 2114 1308 2202 proportionem
1320 2111 1363 2179 ad
1374 2112 1575 2202 quadratum
1586 2115 1694 2182 maio-

601 2239 647 2304 ris
664 2236 796 2315 radicis,
812 2241 907 2306 sionti
923 2239 1105 2328 quadratus
1120 2263 1277 2311 numerus
1295 2240 1337 2309 ad
1360 2241 1560 2330 quadratum
1578 2263 1697 2311 nume·

602 2387 691 2446 rum;
712 2367 790 2432 utsi
808 2367 951 2456 primum
971 2388 1090 2436 nomen
1106 2368 1201 2436 inerit
1220 2366 1314 2435 radix
1327 2367 1378 2435 de.
1397 2385 1494 2445 avrti,
1508 2367 1693 2435 secundum

600 2490 651 2559 de.
664 2514 706 2567 x.‚
718 2490 902 2558 differentia
917 2514 982 2581 quo
1003 2505 1053 2561 est
1072 2513 1101 2559 a.
1113 2513 1199 2559 xvnr.
1215 2514 1319 2582 usqne
1340 2493 1382 2559 in.
1398 2512 1446 2570 x„
1468 2491 1591 2560 seilicet
1608 2513 1693 2584 vnn,

602 2617 701 2690 babet
724 2619 967 2707 proportionem
991 2617 1033 2684 ad
1055 2639 1141 2685 xvrn.
1163 2639 1236 2686 eam
1259 2638 1360 2708 quam
1387 2617 1486 2686 habet
1508 2617 1695 2708 quadratus

601 2765 768 2813 numerus.
789 2763 843 2815 1111.
867 2743 910 2811 ad
932 2743 1132 2833 quadratum
1154 2766 1339 2813 numerum.
1362 2764 1437 2813 vnn.

666 2873 727 2938 Per
737 2881 889 2959 quartam
900 2869 1061 2959 siquidem
1074 2871 1264 2962 intelligitur
1272 2872 1491 2960 compositum
1502 2893 1544 2940 ex
1555 2892 1696 2939 numero

601 3007 634 3064 et
649 2996 774 3073 radice,
792 2997 849 3085 qni
865 3017 1022 3073 numerus
1040 3006 1148 3085 potest
1163 2997 1237 3087 plus
1255 2998 1326 3086 ipsa
1342 2997 1465 3076 radice,
1478 3018 1518 3066 eo
1536 2996 1626 3086 quod
1646 2997 1692 3065 ab

602 3123 923 3210 incommensurabili
940 3123 1002 3191 sihi
1017 3124 1235 3214 longitudine,
1251 3124 1315 3195 hoo
1329 3137 1379 3195 est
1396 3126 1487 3217 quod
1498 3126 1692 3205 differentia,

599 3275 664 3342 que
681 3264 731 3321 est
748 3253 832 3328 inter
843 3251 1042 3342 quadratum
1054 3253 1156 3341 ipsius
1165 3254 1292 3323 numeri
1306 3265 1337 3322 et
1350 3253 1547 3342 quadratum
1560 3252 1692 3328 radicis,

600 3381 717 3447 nonsit
728 3379 910 3469 quadratus
921 3401 1092 3459 numerus,
1104 3390 1140 3447 ut
1157 3379 1276 3455 accidit
1287 3379 1328 3448 do
1338 3378 1547 3470 quaternario
1558 3387 1590 3443 et
1602 3376 1693 3443 radi—

513 3555 532 3596 ..
600 3528 637 3573 ce
652 3508 803 3594 sexnarij.
827 3507 887 3581 Per
903 3507 1053 3596 quintam
1070 3517 1181 3575 autem
1200 3507 1389 3595 intelligitur
1406 3504 1624 3593 compositum
1649 3527 1692 3574 cx

599 3631 709 3709 radice
730 3631 870 3700 alicuius
884 3632 1010 3698 numeri
1030 3650 1097 3699 non
1114 3631 1282 3722 quadrati,
1297 3644 1384 3698 etex
1402 3629 1513 3718 aliquo
1535 3651 1692 3710 numero,

600 3760 715 3847 inquo
733 3758 917 3848 quadratus
931 3759 1051 3829 radicis
1066 3770 1172 3849 potest
1188 3738 1263 3848 plu}
1280 3756 1442 3848 quadrato
1458 3757 1544 3826 illius
1559 3762 1689 3827 numeri

596 3883 777 3953 secundum
788 3886 1005 3972 quantitatem
1016 3886 1143 3953 numeri
1154 3905 1220 3951 non
1232 3883 1382 3951 habentis
1394 3885 1636 3973 proportionem
1644 3884 1687 3952 ad

597 4012 796 4104 quadratum
815 4011 935 4081 radicis
951 4012 1049 4079 sicuti
1059 4010 1243 4101 quadratus
1258 4031 1414 4079 numerus
1431 4010 1473 4078 ad
1486 4010 1689 4101 quadratum

598 4160 786 4216 nnmerum,
805 4149 842 4205 nt
860 4137 1079 4227 compositum
1097 4157 1137 4203 ex
1157 4135 1266 4203 radice
1284 4137 1423 4226 sexnarij
1440 4149 1474 4206 et
1489 4160 1530 4206 ex
1547 4136 1690 4206 binario.

527 4285 536 4307 ·
599 4265 793 4335 Persextam
812 4285 955 4354 namque
966 4263 1156 4353 intelligitur
1173 4263 1390 4352 compositum
1405 4287 1446 4333 cx
1457 4263 1588 4335 duabus
1600 4263 1690 4331 radi·

600 4389 693 4456 cibus
710 4390 865 4468 diuersis,
878 4410 1021 4479 quarum
1039 4389 1145 4455 maior
1156 4398 1262 4478 potest
1274 4389 1347 4479 plns
1364 4389 1489 4457 minore
1504 4388 1689 4458 secundum

600 4518 818 4604 quantitatem
830 4518 956 4585 numeri
972 4537 1037 4584 non
1055 4515 1205 4585 habentis
1225 4517 1468 4608 proportionem
1483 4516 1525 4583 ad
1544 4518 1694 4605 quadra-
