4175 5792
1515 717 1579 780 445

492 871 528 928 et
549 861 730 930 dimidiabo
750 888 767 931 e
788 885 917 953 csuper
937 835 962 954 s,
986 868 1096 935 eterit
1116 885 1311 955 unaqueque
1327 862 1509 931 sectionum
1533 862 1586 947 af

490 1003 526 1057 et
546 997 600 1076 [e
623 993 779 1060 medietas
803 995 910 1061 unius.

563 1120 606 1186 Et
626 1122 705 1210 quia
727 1122 912 1189 inuenimus
929 1121 1128 1212 quadratum
1150 1131 1182 1188 et
1206 1121 1350 1188 radicem
1370 1119 1484 1207 equari
1501 1123 1577 1183 rnr⁰¹.

495 1248 700 1342 unitatibus,
733 1249 795 1316 erit
820 1249 1027 1317 manifestum
1057 1250 1147 1339 quod
1177 1246 1366 1337 superficies
1388 1269 1409 1314 o
1435 1271 1451 1314 e
1481 1247 1579 1312 recti-

495 1375 619 1464 angula
633 1377 704 1443 erit.
731 1376 775 1453 4.,
794 1399 860 1466 que
877 1376 1068 1466 superficies
1086 1377 1238 1465 prouenit
1257 1398 1296 1443 ex
1312 1399 1332 1444 6
1348 1378 1366 1441 6
1386 1375 1453 1441 inb
1475 1395 1504 1450 e,
1519 1371 1581 1440 hoo

494 1517 546 1570 eat
568 1525 609 1571 ex
631 1506 688 1570 bc
705 1504 738 1569 iu
755 1503 961 1595 bc‚etquia
980 1506 1130 1573 lineare
1148 1504 1256 1570 diuisa
1277 1513 1327 1571 est
1349 1503 1382 1568 in
1405 1502 1472 1568 duo
1494 1522 1580 1589 equa

493 1651 595 1719 super
616 1630 647 1716 f,
671 1642 704 1698 et
727 1632 899 1700 indirecto
921 1636 992 1701 eius
1015 1632 1128 1700 addita
1151 1643 1201 1699 est
1223 1631 1366 1720 quedam
1391 1642 1518 1698 rectae
1541 1633 1583 1708 t,
1705 1719 1707 1723 y

489 1758 555 1826 erit
575 1756 766 1846 superficies
790 1763 807 1825 6
826 1782 843 1826 0
866 1761 898 1827 in
923 1765 996 1836 be,
1021 1779 1098 1826 cum
1121 1759 1284 1848 quadrato
1308 1760 1391 1843 linee
1410 1758 1584 1846 040666-

494 1889 537 1954 lis
557 1887 719 1976 quadrato
742 1888 826 1973 linee
849 1890 906 1975 bf.
932 1887 994 1954 Sed
1017 1908 1057 1953 ex
1081 1889 1099 1952 b
1120 1909 1137 1952 c
1162 1888 1194 1952 in
1220 1889 1274 1952 be
1307 1887 1515 1976 proueniunt.
1536 1886 1583 1959 4.,

494 2014 618 2105 quibus
636 2016 664 2082 si
686 2014 829 2084 addatur
848 2015 1031 2105 quadratus
1050 2015 1176 2082 numeri
1196 2033 1213 2080 0
1224 2016 1251 2102 s,
1279 2015 1336 2103 qui
1355 2023 1404 2080 est
1424 2023 1462 2099 4,
1485 2011 1586 2079 babe-

495 2142 621 2211 buntur
641 2146 657 2230 4
679 2145 699 2209 4
722 2163 782 2231 pro
803 2144 966 2233 quadrato
990 2145 1117 2231 numerj
1146 2147 1163 2208 b
1184 2145 1216 2230 f,
1240 2144 1297 2231 qui
1323 2162 1480 2211 numerus
1503 2161 1580 2207 oum

495 2288 564 2336 non
585 2269 705 2337 habeat
725 2270 890 2347 radicem,
909 2272 1057 2340 dicemus
1080 2293 1253 2339 numerum
1278 2272 1330 2358 bs
1345 2263 1416 2338 esse
1438 2268 1582 2334 radicem

494 2395 540 2464 de
559 2400 631 2484 44,
653 2399 696 2467 de
716 2420 784 2490 quo
807 2401 834 2466 si
858 2401 1027 2469 auferatur
1046 2421 1203 2467 numerus
1224 2399 1356 2488 cfiqui
1375 2408 1424 2466 est
1441 2400 1457 2478 4
1474 2396 1583 2469 unius,

498 2528 682 2595 remanebit
705 2550 765 2616 pro
787 2529 898 2598 radice
921 2532 939 2595 6
957 2553 974 2596 0
993 2529 1086 2596 radix
1107 2529 1148 2595 de
1167 2532 1182 2614 4
1202 2528 1222 2594 4
1240 2528 1349 2595 miuus
1365 2526 1509 2610 4uuius,
1526 2527 1583 2614 qui

496 2676 656 2722 numerus
670 2657 824 2744 quamuis
846 2658 888 2724 sit
910 2658 1180 2734 inratiocinatus,
1199 2657 1374 2725 habebitur
1393 2675 1453 2746 pro
1477 2655 1585 2746 primo
1696 2674 1699 2679 ·

497 2802 637 2850 numero
647 2785 788 2873 quesito,
800 2797 833 2852 et
845 2785 1010 2853 secundus
1024 2787 1097 2853 erit.
1113 2789 1156 2862 8.,
1168 2785 1285 2852 tertius
1297 2785 1351 2852 24.
1364 2784 1459 2852 Verbi
1472 2786 1587 2874 gratia,

494 2932 539 2978 ex
553 2913 782 3000 aggregatione
797 2911 930 3002 quidem
947 2915 1066 2980 borum
1079 2915 1180 2980 trium
1197 2933 1409 2980 numerorum
1423 2911 1588 2980 habentur

494 3039 512 3116 4
531 3038 567 3103 34
589 3087 597 3113 ,
615 3049 651 3104 et
663 3039 756 3104 radix
775 3037 816 3106 de
833 3042 848 3127 4
865 3039 907 3116 4,
923 3059 1138 3129 superquam
1156 3039 1417 3128 aggregationem
1437 3038 1464 3102 si
1488 3035 1588 3104 adda-

489 3185 574 3230 mus
590 3163 790 3253 quadratum
807 3167 902 3254 primj
920 3168 1068 3244 numeri,
1084 3167 1142 3255 qui
1154 3178 1203 3233 est
1221 3169 1238 3246 4
1256 3167 1276 3231 4
1293 3165 1402 3231 minus
1418 3162 1528 3229 radice
1547 3162 1588 3228 de

496 3295 514 3378 4
533 3293 568 3369 4,
601 3293 813 3362 habebuntur
840 3297 905 3372 36,
926 3296 983 3386 qui
1013 3316 1172 3362 numerus
1200 3292 1385 3384 quadratus
1403 3302 1461 3360 est.
1482 3292 1586 3380 Super

496 3440 597 3507 quem
613 3419 640 3485 si
662 3419 835 3487 addantur.
852 3423 922 3498 64,
941 3423 1066 3490 scilicet
1081 3421 1264 3512 quadratus
1280 3419 1417 3507 secundj
1434 3421 1582 3494 numeri,

497 3545 631 3614 uenient
645 3549 738 3625 too,
754 3550 811 3636 qui
826 3570 982 3616 uumerus
996 3549 1179 3639 quadratus
1193 3561 1257 3625 est,
1275 3559 1307 3616 ct
1326 3548 1418 3616 radix
1434 3550 1504 3617 eius
1522 3559 1580 3616 est.

499 3676 515 3741 4
543 3673 683 3764 nSOper
696 3699 796 3765 quem
817 3676 1016 3766 quadratum
1036 3678 1064 3743 si
1082 3677 1247 3744 addantur
1262 3678 1337 3756 576,
1359 3678 1481 3745 scilicet
1504 3697 1585 3766 qua·
1650 3729 1652 3734 .

496 3797 613 3867 drutus
635 3802 720 3889 tertij
743 3803 883 3879 numeri,
907 3803 1118 3869 habebuntur
1137 3803 1220 3880 676,
1242 3804 1299 3893 qui
1324 3825 1480 3871 numerus
1504 3822 1585 3891 qua·
1705 3865 1710 3871 .

493 3925 610 3996 drutus
628 3940 734 4007 estet
754 3930 846 3998 radix
865 3932 935 3998 eius
955 3943 1005 3999 est
1021 3934 1093 4009 26„
1111 3941 1144 3998 et
1167 3930 1230 3998 hoc
1252 3931 1419 3998 uolumus.
1605 3907 1607 3912 Α

568 4057 615 4121 Er
633 4067 670 4122 ut
687 4057 806 4125 solutio
829 4061 1009 4148 questionis
1030 4060 1253 4150 suprascripte
1277 4059 1441 4127 habeatur
1463 4060 1496 4124 in
1528 4080 1589 4125 nu-

499 4185 597 4251 meris
608 4185 824 4263 ratiocinatis,
843 4186 1081 4256 ostendendum
1100 4189 1108 4276 Ι
1126 4198 1175 4255 est
1186 4189 1339 4277 primum,
1353 4184 1442 4274 quod
1454 4183 1588 4275 quaudo
1611 4203 1670 4246 ror-rr
1681 4209 1739 4236 mo-

498 4316 619 4400 quarta
638 4313 736 4380 unius
751 4314 864 4402 integrj
890 4314 1021 4381 additur
1038 4337 1139 4405 super
1159 4317 1301 4406 aliquem
1317 4334 1489 4382 numerum
1508 4333 1588 4380 oon·

500 4450 661 4529 temptum
686 4439 749 4507 sub
771 4439 901 4507 duobus
924 4444 1068 4508 numeris
1092 4444 1307 4519 ratiocinatis,
1330 4463 1472 4532 quorum
1501 4464 1593 4508 unus

498 4564 636 4632 excedat
655 4562 794 4633 alterum
820 4567 863 4633 in.
881 4570 932 4644 4.,
962 4579 1152 4658 procreatur
1176 4569 1250 4637 inde
1273 4569 1454 4659 quadratus
1476 4591 1590 4638 nume·
