4175 5792
505 722 548 785 60

458 864 465 869 ’
507 874 571 931 tres
601 865 780 954 quadratos
814 888 968 936 numeros
992 870 1160 949 inuenire,
1182 890 1325 960 quorum
1352 893 1439 938 unus
1465 892 1595 960 semper

506 991 681 1080 equabitur
704 993 836 1083 reliquis
859 996 1051 1084 aggregatis.
1085 995 1147 1093 Sed
1183 995 1269 1063 unde
1301 996 1427 1062 oriatur
1461 1016 1594 1064 omnem

382 1175 387 1185 .
424 1157 473 1187 „aa
507 1118 705 1207 quadratum
727 1121 883 1189 excedere
902 1123 908 1210 Ι
928 1123 1127 1211 quadratum
1151 1122 1397 1213 antecedentem
1431 1122 1517 1201 sibi,
1546 1146 1597 1192 se-

507 1248 652 1315 cundum
685 1251 902 1339 quantitatem
936 1250 1132 1318 addictionis
1162 1251 1315 1318 radicum
1351 1252 1522 1340 ipsorum,
1558 1262 1595 1318 ut

504 1376 659 1453 diximus,
677 1378 802 1466 patebit
821 1379 848 1444 si
865 1380 991 1446 radices
1006 1399 1121 1447 eorum
1141 1400 1304 1469 ponamus
1321 1380 1351 1444 in
1364 1379 1468 1446 lineas
1485 1400 1508 1445 e
1523 1382 1542 1444 b
1564 1392 1595 1444 et

506 1511 523 1572 b
543 1531 564 1595 9
582 1506 639 1598 (l)
659 1509 701 1573 Et
715 1508 873 1597 quoniam
892 1529 912 1573 o
934 1511 951 1571 b
969 1517 1001 1574 et
1022 1511 1040 1573 b
1060 1530 1081 1595 9
1104 1518 1180 1574 sunt
1199 1508 1325 1576 numeri
1346 1509 1515 1584 continui,
1532 1507 1593 1574 erit

504 1656 589 1703 unus
610 1655 725 1702 eorum
741 1637 845 1703 maior
868 1637 931 1703 alio
948 1638 978 1702 l.
995 1637 1042 1702 Sit
1053 1657 1132 1726 ergo
1151 1639 1169 1701 b
1184 1658 1205 1723 9
1223 1656 1289 1703 uno
1306 1637 1379 1725 plus
1397 1657 1535 1724 quamn
1552 1640 1590 1711 b,

505 1775 537 1833 et
556 1763 723 1831 auferatur
738 1785 778 1831 ex
798 1767 815 1831 b
835 1786 856 1851 9
879 1765 988 1830 unitas
1012 1769 1032 1831 d
1053 1787 1086 1849 9,
1104 1765 1285 1832 remanebit
1305 1769 1322 1830 o
1341 1765 1505 1853 doqualis
1524 1768 1596 1843 ba;

505 1903 537 1958 ot
559 1892 715 1980 quoniam
752 1895 769 1957 b
798 1916 819 1980 9
842 1915 999 1960 numerus
1022 1893 1149 1959 diuisus
1172 1901 1221 1958 est
1245 1892 1279 1956 in
1302 1890 1390 1969 duo,
1411 1891 1539 1958 scilicet
1562 1891 1593 1956 in

507 2022 621 2087 bdet
644 2021 666 2085 d
684 2021 798 2107 9‚erit
815 2019 1044 2108 multiplicatio
1065 2020 1083 2086 b
1105 2019 1174 2086 din
1190 2040 1224 2086 se
1243 2039 1320 2085 cum
1340 2023 1401 2106 d9
1425 2019 1458 2084 in
1483 2040 1537 2091 se,
1560 2029 1593 2085 et

400 2234 407 2253 .
503 2166 579 2213 cum
602 2146 704 2236 duplo
727 2148 834 2234 d9in
854 2150 871 2212 b
894 2149 928 2223 d,
952 2148 1078 2235 equalis
1102 2146 1365 2236 multiplicationi
1389 2150 1406 2212 b
1425 2169 1445 2231 9
1478 2148 1512 2213 in
1547 2170 1591 2215 se.

505 2270 568 2338 Sed
588 2272 815 2360 multiplicatio
835 2276 886 2339 bd
905 2275 990 2340 inse
1013 2283 1155 2363 equatur
1184 2274 1449 2362 multiplicationi
1473 2297 1495 2341 a
1519 2278 1536 2342 b
1560 2275 1593 2340 in

503 2418 547 2463 se.
580 2399 664 2487 Ergo
697 2399 878 2490 quadratus
906 2400 962 2492 qui
996 2398 1033 2465 fit
1057 2421 1076 2465 a
1099 2418 1236 2467 numero
1269 2402 1327 2486 b9
1361 2398 1593 2488 superhabun-

505 2524 561 2590 dat
582 2547 675 2601 oum,
698 2527 755 2613 qui
778 2523 815 2593 fit
838 2547 857 2591 a
881 2545 1017 2592 numero
1039 2548 1060 2591 a
1084 2530 1122 2599 b,
1156 2526 1338 2593 secundum
1369 2526 1592 2615 quantitatem

506 2651 784 2740 multiplicationis
804 2673 825 2738 9
845 2653 867 2717 d
885 2652 918 2717 in
932 2674 982 2728 sc,
999 2664 1030 2720 et
1050 2652 1140 2740 dupli
1164 2676 1182 2736 9
1206 2654 1227 2719 d
1249 2653 1282 2719 in
1307 2655 1324 2717 b
1346 2652 1376 2717 d.
1400 2651 1465 2719 Sed
1483 2652 1594 2719 multi·

504 2779 635 2867 plicatio
658 2780 680 2845 d
707 2801 727 2863 9
751 2780 841 2847 inse
863 2788 912 2847 ost
934 2801 1032 2856 unvs,
1055 2780 1112 2868 qui
1136 2791 1184 2846 est
1206 2780 1333 2868 equalis
1355 2781 1476 2848 unitati
1499 2782 1523 2847 d
1550 2803 1593 2866 9,

503 2909 556 2976 uel
580 2920 629 2975 est
651 2908 780 2985 eadem,
799 2919 832 2977 et
851 2908 1079 2997 multiplicatio
1103 2908 1193 2998 dupli
1217 2910 1274 2993 d9
1298 2909 1331 2974 in
1354 2910 1409 2976 bd
1430 2908 1510 2976 lacit
1533 2909 1594 2977 du·

503 3037 594 3125 plum
617 3056 656 3102 ex
680 3038 852 3113 bd,cum
874 3035 930 3119 d9
953 3036 1048 3112 siti,
1072 3056 1149 3125 ergo
1169 3035 1308 3124 duplum
1333 3040 1390 3103 bd
1423 3047 1474 3104 est
1509 3038 1595 3115 adr

502 3187 578 3255 ergo
600 3164 795 3253 quadratus,
810 3165 867 3254 qui
891 3163 928 3231 fit
947 3167 965 3230 a
981 3182 1118 3232 numero
1140 3165 1206 3250 lt9,
1226 3162 1352 3230 excedit
1366 3163 1593 3252 quadratum,

502 3295 559 3383 qui
582 3293 659 3360 fita
687 3313 824 3361 numero
847 3315 867 3360 o
891 3295 922 3369 b,
946 3291 1126 3360 secundum
1150 3292 1369 3380 quantitatem
1393 3290 1594 3359 addictionis

503 3421 651 3488 radicum
674 3442 891 3510 eorumque
914 3430 990 3486 sunt
1012 3443 1033 3486 a
1058 3423 1095 3494 b,
1119 3430 1151 3485 et
1175 3422 1192 3483 b
1214 3442 1255 3505 9,
1280 3419 1370 3508 quod
1393 3420 1593 3509 opportebat

503 3547 682 3615 ostendere.

569 3673 681 3740 Aliterz
698 3675 855 3761 quoniam
880 3675 897 3737 b
916 3674 938 3738 d
962 3671 1005 3764 (2)
1026 3694 1184 3739 numerus
1201 3683 1343 3762 equatur
1361 3693 1501 3740 numero
1519 3677 1536 3739 b
1556 3696 1594 3749 a,

503 3801 564 3868 erit
586 3810 674 3867 totus
696 3822 717 3867 o
738 3801 760 3866 d
780 3801 906 3869 diuisus
929 3802 962 3865 in
985 3801 1051 3869 duo
1074 3823 1159 3891 equa
1183 3823 1281 3889 super
1304 3813 1464 3889 punctum
1485 3804 1517 3879 b,
1538 3803 1593 3869 cui

504 3927 615 3994 addita
630 3936 680 3993 est
699 3927 807 3992 unitas
826 3930 846 3992 d
855 3948 886 4013 9,
898 3928 959 3994 erit
974 3948 1051 4016 orgo
1069 3927 1297 4015 multiplicatio
1313 3927 1364 4010 d9
1381 3927 1413 3991 in
1432 3949 1495 4011 99,
1513 3948 1594 3994 cum

453 4120 456 4125 ,
502 4057 664 4146 quadrato
682 4055 739 4144 qui
762 4053 838 4121 fita
867 4055 977 4123 radice
999 4058 1069 4128 ab,
1094 4054 1220 4143 equalis
1244 4054 1407 4142 quadrato
1429 4055 1487 4143 qui
1511 4053 1549 4156 lit
1573 4077 1594 4121 a

575 4371 609 4428 ll)
624 4370 690 4419 Vedi
707 4369 758 4429 Fig.
777 4369 800 4417 9.

577 4466 610 4523 (ἲ,
627 4469 691 4517 Vcdi
709 4469 760 4529 Fig.
778 4470 816 4516 to.
