4175 5792
1454 691 1497 755 65

402 850 454 905 est
489 849 588 917 nota,
614 840 810 906 raciocinute
829 840 915 906 enim
940 852 1016 907 sunt
1040 840 1146 907 ambe.
1173 842 1282 920 Quare
1301 848 1333 906 et
1357 858 1494 926 propor-

405 967 452 1032 tio
475 967 497 1032 d
517 989 553 1036 e.
577 967 618 1032 ad
643 978 654 1032 t
674 967 695 1031 lc
718 967 778 1034 erit
802 969 950 1035 similiter
974 969 1213 1034 notalltcum
1232 966 1342 1031 desit
1363 964 1497 1031 racioci-

405 1103 505 1170 nata,
529 1092 638 1185 Qqare
660 1093 722 1159 erit
743 1102 775 1159 et
799 1104 888 1161 recta
914 1104 925 1158 t
947 1091 968 1156 lc
991 1093 1090 1157 etiam
1122 1100 1304 1159 numerata.
1340 1087 1494 1193 Similiter

404 1220 590 1287 ostenditur
613 1231 735 1288 rectam
759 1243 776 1286 z
807 1224 919 1289 lesse
943 1223 1198 1296 raciooinatam,
1223 1240 1298 1286 cum
1324 1217 1493 1306 proportio

403 1346 476 1413 eius
496 1347 538 1411 sit
560 1345 601 1412 ad
622 1370 643 1413 z
666 1368 682 1412 e
703 1348 789 1414 sicut
810 1371 828 1414 z
851 1360 863 1414 t
886 1349 926 1416 ad
951 1372 969 1415 z
992 1351 1032 1430 d;
1057 1360 1227 1416 numerate
1249 1368 1327 1436 ergo
1350 1358 1426 1414 suut
1447 1349 1493 1412 tlt

403 1487 438 1543 et
461 1478 480 1540 lr
502 1498 544 1550 rr,
568 1495 709 1564 quorum
733 1475 885 1565 quadrati
910 1477 1040 1544 insimul
1066 1478 1230 1544 coniuncti
1253 1476 1376 1543 faciunt
1409 1497 1494 1565 qua-

403 1603 535 1671 dratum
576 1605 632 1691 qui
667 1603 703 1670 fit
737 1610 757 1671 a
794 1616 884 1671 recta
917 1615 928 1669 t
960 1627 988 1670 z.
1023 1606 1085 1673 Sed
1119 1626 1277 1671 numerus
1310 1602 1492 1692 quadratus

402 1730 461 1820 qui
485 1729 522 1796 fit
544 1735 563 1798 t
587 1751 725 1799 numero
748 1747 758 1797 t
782 1755 819 1807 z,
844 1733 969 1821 equalis
991 1743 1040 1798 est
1063 1735 1092 1800 ei
1116 1733 1173 1821 qui
1196 1730 1233 1797 fit
1256 1735 1275 1797 a
1302 1735 1492 1808 numeral,

404 1858 497 1926 radix
518 1861 604 1927 enim
626 1869 676 1927 est
698 1881 854 1927 numerus
878 1864 897 1924 Ι
917 1861 1042 1926 numeri
1064 1882 1096 1948 9.
1120 1861 1207 1949 Ergo
1231 1859 1415 1949 quadratus
1437 1860 1492 1949 qui

398 1984 441 2051 fit
464 1988 484 2054 a
506 1997 518 2052 t
540 2009 576 2063 z,
602 1988 727 2077 equalis
748 1997 798 2053 est
820 2009 957 2054 numero
978 2009 1021 2075 93
1045 1988 1167 2054 inuenti
1197 1998 1274 2055 suut
1308 1988 1395 2054 euim
1429 1986 1495 2053 duo

404 2115 530 2183 numeri
550 2126 562 2181 t
580 2119 600 2181 lr
616 2119 684 2184 etl
705 2139 749 2190 z,
772 2136 914 2205 quorum
931 2114 1083 2203 quadrati
1109 2115 1238 2181 insimul
1263 2115 1427 2182 coniuncti
1447 2114 1493 2180 la-

400 2241 492 2307 eiunt
524 2241 641 2331 equale
673 2242 837 2332 quadrato
873 2264 1009 2311 numero
1033 2268 1062 2327 q.
1090 2244 1215 2310 Rursus
1237 2245 1278 2310 sit
1302 2245 1409 2309 minor
1431 2242 1491 2307 dr

400 2371 545 2454 quaml,
566 2378 599 2435 et
615 2379 726 2456 protra
747 2369 754 2457 Ι
773 2369 872 2436 hatur
884 2372 1153 2460 rectazdusqua
1164 2370 1205 2436 ad
1221 2371 1233 2436 l
1254 2369 1297 2461 (l)
1314 2421 1322 2445 ,
1345 2381 1382 2435 ut
1399 2368 1493 2434 sitzl
1515 2381 1540 2427 τά
1555 2385 1640 2419 ‚tm

399 2493 527 2582 equalis
546 2515 682 2562 numero
702 2499 728 2562 I.
759 2496 917 2563 Similiter
936 2495 1147 2584 protrahetur
1169 2520 1189 2561 z
1212 2518 1228 2562 e
1250 2496 1284 2561 in
1305 2517 1358 2570 m,
1382 2505 1414 2562 at
1436 2513 1492 2560 ou-

401 2619 534 2702 puletur
564 2620 648 2717 ‘7¹¹’
673 2633 705 2688 et
728 2623 769 2687 sit
800 2622 1001 2712 equidistans
1028 2623 1091 2689 lm
1115 2634 1203 2691 recte
1225 2624 1247 2688 d
1266 2643 1301 2701 e,
1331 2625 1487 2713 quoniam

397 2747 513 2814 similis
545 2761 594 2816 est
629 2752 813 2840 triangulus
836 2756 856 2816 d
877 2774 892 2817 r
914 2753 1117 2837 ztriangulo
1141 2752 1205 2817 tm
1227 2774 1266 2829 z,
1290 2763 1322 2819 et
1344 2763 1392 2820 est
1411 2761 1490 2819 nota

399 2878 567 2964 proportio
587 2878 742 2944 adada
767 2878 796 2959 l;
821 2890 1013 2967 eruntergo
1032 2880 1099 2946 noti
1119 2881 1430 2946 numerizmetm
1454 2883 1484 2959 t;

395 3002 540 3067 inuenoti
561 3023 639 3091 argo
658 3014 735 3070 suut
761 3003 827 3070 duo
855 3005 985 3070 numeri
1002 3004 1013 3069 t
1030 3027 1061 3069 m
1079 3015 1111 3070 et
1130 3026 1162 3070 m
1180 3028 1222 3079 z,
1245 3025 1386 3093 quorum
1406 3026 1487 3094 qua·

395 3128 481 3195 drati
516 3130 682 3196 coniuncti
716 3129 840 3197 faciunt
873 3130 1075 3218 quadratum
1098 3132 1247 3220 equalem
1284 3153 1420 3198 numero
1443 3156 1484 3219 9,

396 3276 474 3323 cum
492 3256 592 3323 lzsit
607 3256 733 3345 equalis
753 3255 855 3323 radici
874 3259 959 3338 eins,
976 3258 1067 3346 quod
1089 3258 1285 3346 opportebat
1303 3259 1417 3327 lacere.

463 3383 510 3449 Er
532 3381 653 3450 atheo
677 3383 710 3448 in
733 3385 877 3450 numeris
908 3382 1192 3460 habeantur,.sit
1213 3407 1242 3450 a.
1269 3388 1289 3451 5
1311 3396 1343 3452 et
1368 3390 1395 3450 tr.
1421 3387 1482 3460 12,

396 3529 534 3597 quarep
550 3510 606 3597 qui
618 3520 668 3576 est
680 3512 893 3577 coniunctum
905 3532 945 3577 ex
955 3509 1126 3598 quadratis
1143 3531 1354 3579 numerorum
1366 3513 1417 3577 ab
1434 3523 1484 3578 est

398 3638 474 3712 l69,
494 3637 615 3703 eteius
637 3637 741 3712 radix,
765 3638 888 3705 seilicet
909 3641 937 3712 Ι,
957 3649 1015 3703 est.
1040 3640 1105 3716 r3,
1128 3650 1161 3705 et
1180 3640 1351 3706 adiaoeaut
1367 3639 1431 3706 due
1449 3640 1485 3704 li-

396 3765 534 3839 neoda,
558 3749 590 3831 et
610 3787 626 3830 e
646 3789 664 3831 z
683 3764 838 3853 angulum
862 3777 986 3831 rectum
1009 3765 1224 3840 continentes,
1240 3767 1296 3855 qui
1316 3777 1365 3833 est
1383 3767 1404 3831 d
1420 3788 1435 3832 a
1453 3787 1485 3843 z,

394 3902 426 3958 et
442 3893 484 3957 sit
504 3904 592 3959 reeta
610 3893 633 3959 d
644 3914 670 3959 e.
688 3895 745 3967 lt),
763 3904 796 3959 et
814 3916 841 3958 z.
855 3895 886 3968 8,
907 3896 1046 3981 quureil
1065 3914 1082 3956 z
1101 3902 1206 3959 eruut.
1227 3895 1280 3969 t7.
1300 3904 1333 3961 et
1351 3905 1483 3981 sumpta

395 4029 444 4084 est
480 4019 513 4083 in
548 4029 636 4085 reeta
660 4019 723 4087 dr
748 4029 876 4087 recta-z
902 4029 913 4084 t
936 4019 1063 4107 equalis
1088 4022 1124 4094 1,
1159 4029 1208 4086 est
1229 4042 1306 4109 ergo
1327 4043 1353 4086 z.
1372 4030 1392 4084 t.
1417 4019 1481 4093 43,

384 4154 426 4209 et
449 4140 610 4229 producta
630 4132 681 4209 esi
704 4154 793 4211 recta
817 4154 828 4209 t
847 4143 869 4208 lc
890 4143 1094 4233 equidistaus
1118 4155 1205 4211 reete
1223 4149 1243 4211 d
1261 4167 1291 4222 a,
1314 4165 1415 4233 quare
1432 4155 1482 4210 est

392 4268 478 4335 sicut
499 4291 520 4335 z
542 4269 565 4334 d
587 4268 626 4336 ad
652 4292 671 4335 z
696 4282 727 4343 t,
753 4270 798 4335 itu
822 4274 842 4335 u
864 4293 879 4335 e
902 4271 944 4337 ad
968 4281 979 4336 t
1002 4273 1043 4350 lr;
1071 4273 1302 4359 multiplicabis
1328 4292 1405 4359 argo
1428 4281 1483 4337 zt

465 4542 500 4603 ll)
517 4543 581 4592 Vedi
598 4545 647 4606 Fig.
666 4545 705 4593 ⁴5.
