4175 5792
1469 703 1505 768 24

421 842 537 931 posui,
560 862 635 909 eum
661 840 834 909 medietate
856 841 990 910 secundi
1014 852 1047 910 et
1071 838 1157 931 t'ertij
1183 856 1215 911 et
1239 848 1349 933 quarti
1381 849 1510 915 numeri

420 968 524 1055 surgit
548 969 580 1034 in
606 969 670 1043 tr,
706 978 857 1057 opportet
890 969 973 1036 inter
1007 969 1187 1037 seeundum
1216 980 1248 1037 et
1270 984 1426 1060 quartum
1451 993 1510 1038 nu·

420 1114 547 1160 merum
578 1115 649 1163 esse
683 1093 821 1182 duplum
854 1094 894 1162 de
929 1096 972 1161 47
1007 1097 1117 1163 minus
1152 1117 1274 1173 causa,
1311 1097 1434 1164 scilicet
1468 1099 1512 1164 at

422 1223 529 1289 minus
552 1222 682 1289 duabus
711 1223 839 1296 nausis,
878 1225 957 1312 quia
989 1223 1146 1291 medietas
1167 1223 1208 1290 de
1232 1225 1275 1292 34
1298 1226 1408 1292 minus
1431 1224 1511 1292 dua-

418 1350 482 1417 bus
505 1350 613 1417 eausis
634 1360 684 1418 est
706 1351 748 1416 47
773 1351 881 1416 minus
912 1371 1034 1426 eausa,
1065 1372 1130 1438 que
1161 1352 1190 1417 si
1215 1349 1379 1417 addantur
1411 1373 1510 1419 cause

419 1479 544 1546 scilieet
558 1479 664 1567 primo
679 1498 832 1555 numero,
853 1478 976 1545 iaciunt
996 1479 1052 1561 t7;
1076 1477 1193 1546 deinde
1216 1500 1315 1568 super
1339 1480 1381 1546 34
1401 1481 1509 1548 minus

420 1605 551 1673 duabus
567 1607 691 1683 causis,
711 1627 777 1694 que
793 1616 869 1672 sunt
889 1626 1018 1672 summa
1037 1605 1172 1673 secundi
1189 1605 1229 1674 ed
1247 1607 1332 1695 tertij
1354 1617 1387 1674 et
1400 1610 1511 1695 quarti

420 1734 559 1810 numeri,
580 1732 690 1800 addidi
708 1755 792 1812 rem,
808 1733 930 1801 seilicet
946 1734 1100 1823 quintum
1123 1755 1310 1812 numerum,
1330 1745 1362 1802 et
1381 1734 1512 1831 fuerunt

419 1860 450 1925 in
467 1882 598 1928 summa
616 1862 660 1929 34
679 1871 711 1929 et
728 1882 779 1928 res
794 1862 904 1927 minus
916 1858 1046 1928 duabus
1061 1861 1187 1938 causis,
1198 1859 1240 1930 de
1251 1861 1373 1950 quibus
1384 1863 1510 1930 extraxi

417 1984 570 2075 dragmas
590 1989 647 2064 tr,
666 1987 787 2054 seilicet
807 1987 1026 2077 quantitatem
1045 1986 1181 2054 secundi
1202 1989 1344 2064 numeri,
1364 1999 1397 2055 et
1415 1990 1510 2056 tertie

418 2115 520 2202 partis
547 2115 632 2202 tertij
657 2125 690 2181 et
711 2116 822 2203 quarti
845 2125 879 2183 et
901 2115 1006 2204 quinti
1031 2117 1174 2192 numeri,
1199 2125 1426 2181 remanserunt
1448 2134 1509 2202 pro

417 2240 548 2312 duabus
570 2242 673 2329 tertijs
697 2243 783 2329 tertij
807 2252 839 2308 et
861 2242 971 2331 quarti
1005 2252 1038 2309 et
1057 2242 1177 2330 ‘quinti
1212 2243 1340 2309 numeri
1374 2242 1510 2331 dragme

421 2370 486 2446 tr,
517 2379 549 2435 et
572 2390 623 2435 res
644 2389 711 2435 una
734 2369 844 2435 minus
866 2367 997 2436 duabus
1019 2368 1149 2449 causis;
1184 2378 1217 2434 et
1249 2369 1327 2458 quia
1360 2390 1436 2436 enm
1469 2370 1511 2438 de

416 2496 528 2585 aliqua
542 2498 726 2586 quantitate
744 2496 893 2563 aufertur
916 2498 1011 2564 tertia
1027 2518 1124 2587 pars,
1146 2496 1201 2563 itta
1221 2498 1317 2564 tertia
1335 2519 1411 2586 pars
1431 2497 1438 2588 Ι
1457 2510 1506 2566 est
1539 2514 1653 2559 rot-rrae

419 2622 577 2690 medietas
599 2622 741 2700 residui,
764 2644 869 2712 quare
891 2645 990 2713 super
1012 2628 1055 2691 47
1089 2636 1123 2692 et
1153 2646 1222 2693 rem
1246 2626 1354 2693 minus
1377 2625 1509 2693 duabus

417 2752 545 2828 causis,
564 2751 676 2818 addidi
694 2749 900 2818 medietatem
921 2772 1051 2830 eorum,
1072 2753 1196 2821 scilieet
1212 2757 1228 2834 4
1247 2758 1288 2831 8,
1306 2768 1338 2821 at
1354 2753 1511 2822 medieta-

418 2891 482 2946 tem
506 2879 551 2945 rei
575 2879 683 2944 minus
706 2890 773 2947 una
796 2899 918 2956 eausa,
941 2891 974 2948 et
996 2879 1057 2947 fuit
1083 2892 1188 2948 totum
1214 2881 1296 2949 illud
1318 2882 1408 2971 quod
1432 2903 1510 2950 eon-

416 3015 542 3072 eretum
564 3016 614 3072 est
634 3007 650 3083 4
672 3008 715 3072 25
737 3016 770 3071 et
793 3026 844 3072 res
867 3027 933 3072 una
957 3016 989 3072 et
1012 3006 1147 3073 dimidia
1173 3008 1281 3074 minus
1304 3006 1411 3075 tribus
1431 3028 1510 3075 eau-

415 3132 480 3207 sis,
504 3141 537 3199 et
559 3130 620 3199 hec
643 3144 692 3200 est
715 3155 845 3201 summa
869 3136 953 3223 tertij
979 3148 1011 3202 et
1034 3137 1145 3224 quarti
1170 3147 1203 3203 et
1228 3136 1334 3224 quinti
1358 3136 1507 3211 numeri,

414 3280 515 3346 quam
538 3261 705 3327 extraxisti
728 3283 768 3328 ex
789 3282 920 3329 summa
941 3262 1075 3330 secundi
1099 3273 1132 3330 et
1155 3264 1242 3349 tartij
1277 3273 1310 3329 et
1334 3263 1444 3351 quarti
1475 3273 1508 3329 et

415 3390 520 3478 quinti
542 3391 693 3468 numeri,
728 3391 851 3458 seilicet
885 3390 926 3459 de
959 3391 1104 3482 dragmis
1126 3392 1170 3458 34
1192 3401 1224 3458 et
1249 3413 1284 3458 re
1307 3411 1373 3456 una
1397 3390 1507 3456 minus

415 3515 546 3585 duabus
565 3519 694 3599 causis3
714 3528 748 3586 et
766 3519 827 3586 suit
844 3518 924 3585 iilud
943 3519 1032 3610 quod
1057 3520 1212 3587 remansit
1237 3539 1296 3609 pro
1320 3518 1507 3608 quantitate

418 3643 554 3711 secundi
572 3647 701 3715 numeri
720 3647 855 3736 dragma
872 3650 888 3727 4
906 3651 926 3714 8
945 3659 977 3715 et
996 3669 1099 3716 eausa
1117 3670 1184 3715 una
1204 3649 1312 3714 minus
1331 3645 1506 3714 medietate

416 3771 473 3838 rei.
495 3771 616 3840 Deinde
637 3796 714 3842 eum
737 3796 867 3841 summa
890 3777 975 3865 tertij
1000 3787 1032 3843 et
1054 3778 1164 3865 quarti
1181 3786 1213 3843 et
1230 3776 1337 3865 quinti
1356 3773 1505 3848 numeri,

414 3898 538 3966 seilicet
560 3920 637 3966 eum
659 3901 804 3992 dragmis
825 3906 841 3983 4
864 3905 908 3971 25
937 3913 969 3969 et
1002 3924 1036 3969 re
1071 3925 1137 3970 una
1171 3912 1204 3969 at
1236 3901 1374 3970 dimidia
1398 3902 1507 3967 minus

415 4027 520 4095 tribus
542 4029 672 4106 causis,
696 4029 808 4097 addidi
832 4032 975 4117 primum
1000 4052 1197 4107 numerum,
1224 4029 1347 4097 scilieet
1370 4047 1506 4094 eausam

414 4166 447 4224 et
468 4155 570 4224 habui
593 4156 746 4246 dragmas
768 4163 784 4239 4
807 4160 872 4235 25,
895 4170 928 4227 et
952 4181 1021 4226 rem
1041 4180 1143 4226 unam
1158 4169 1191 4226 at
1205 4157 1376 4225 dimidiam
1396 4155 1506 4222 minus

414 4282 545 4350 duabus
567 4283 676 4351 causis
699 4304 758 4372 pro
780 4286 964 4373 quantitate
989 4285 1074 4372 tertij
1100 4296 1133 4352 et
1155 4285 1265 4373 quarti
1288 4295 1320 4350 et
1343 4282 1448 4371 quinti
1472 4293 1506 4349 et

415 4410 511 4497 primi
529 4410 676 4484 numeri,
700 4408 741 4476 de
760 4431 826 4499 qua
846 4413 1029 4499 quantitate
1048 4412 1173 4478 extraxi
1191 4409 1344 4499 dragmas
1364 4411 1421 4485 tr,
1443 4409 1505 4476 sei-

413 4535 489 4602 licet
507 4538 640 4605 tertium
656 4558 849 4618 numerum3
865 4550 898 4605 et
912 4548 1066 4627 quartam
1080 4548 1208 4627 partem
1224 4538 1334 4626 quarti
1350 4549 1383 4605 et
1398 4537 1504 4628 quinti

413 4675 446 4729 et
469 4664 566 4752 primi
589 4668 740 4745 numeri,
756 4678 788 4733 et
805 4675 1030 4734 remanserunt
1048 4686 1106 4752 pro
1122 4664 1227 4732 tribus
1245 4669 1372 4755 quartis
1395 4665 1502 4755 quarti
