4175 5792
480 694 547 760 ⁴04

541 841 627 906 Vono
649 839 796 906 inuenire
823 839 855 903 in
888 837 966 904 data
1000 839 1213 927 proportione
1244 838 1329 905 duas
1363 836 1563 907 differentias

477 969 575 1035 trium
593 965 843 1057 quadratorum.
866 964 946 1032 Esto
961 963 1039 1032 data
1063 966 1233 1053 proportio
1257 966 1387 1033 numeri
1404 987 1426 1031 o
1445 964 1488 1032 ad
1506 987 1562 1033 nu·

477 1115 604 1161 merum
621 1097 640 1159 b
661 1091 723 1184 (i),
743 1103 776 1160 ει
794 1092 859 1159 sint
882 1093 1045 1159 numerio
1064 1093 1193 1180 oprimj
1211 1092 1254 1159 ad
1268 1113 1305 1161 εε
1329 1093 1486 1170 inuicem
1509 1115 1565 1161 nu-

475 1221 554 1286 meri
574 1217 707 1308 quidem
722 1217 776 1283 ob
794 1228 853 1284 aut
868 1227 945 1284 sunt
968 1214 1133 1292 continui,
1153 1228 1308 1285 autnon.
1328 1217 1399 1283 Sint
1424 1217 1563 1305 primum

475 1347 642 1423 continui,
666 1357 699 1412 ει
721 1357 791 1412 εειο
815 1348 1014 1412 numeroso
1039 1345 1144 1410 maior
1166 1365 1267 1432 quam
1289 1367 1331 1422 a,
1361 1355 1394 1411 ει
1418 1343 1565 1412 adiacent

476 1477 584 1542 unitas
605 1497 638 1544 c.
660 1484 693 1540 ει
711 1472 755 1540 ab
769 1474 928 1543 unitatoc
948 1474 980 1539 in
994 1472 1109 1541 ordino
1123 1472 1341 1562 disponantur
1365 1482 1414 1539 tot
1433 1473 1558 1541 numeri

476 1605 626 1690 impares,
637 1610 719 1688 quot
731 1609 808 1665 sunt
818 1601 961 1667 unitates
972 1600 1006 1666 in
1017 1619 1156 1666 numero
1168 1601 1185 1665 b
1198 1599 1326 1675 maiori,
1336 1599 1395 1687 qui
1407 1609 1487 1666 sunt
1497 1599 1528 1675 d,
1538 1621 1561 1675 ε,

473 1729 500 1814 s,
521 1750 557 1815 9,
586 1738 619 1792 et
645 1727 849 1815 accipiantur
866 1724 1019 1816 quadrati
1047 1745 1260 1792 numerorum
1283 1745 1300 1790 e
1321 1729 1394 1813 sp,
1419 1725 1478 1814 qui
1502 1725 1563 1791 sint

478 1854 604 1919 numeri
629 1854 650 1920 d
677 1857 690 1918 i
711 1855 749 1929 k,
772 1851 846 1920 dico
879 1851 969 1942 quod
1000 1853 1169 1940 proportio
1193 1850 1394 1927 differentic,
1430 1862 1564 1940 quaest

475 1983 559 2049 inter
589 1980 789 2070 quadratum
822 1985 862 2057 t,
896 1993 930 2048 ει
962 1978 1163 2069 quadratum
1195 1982 1208 2045 i
1242 1980 1285 2047 ad
1322 1978 1561 2057 differentiam,

472 2131 538 2198 que
559 2120 609 2176 εει
641 2111 726 2176 inter
762 2108 942 2197 quadratos
963 2115 975 2174 i
998 2111 1038 2183 k,
1073 2120 1124 2175 εει
1157 2109 1246 2175 sicut
1280 2130 1440 2175 numerus
1476 2130 1498 2175 o
1521 2108 1561 2175 ad

471 2259 645 2304 numerum
671 2237 710 2314 b,
732 2236 824 2326 quod
846 2237 892 2303 ita
914 2237 1088 2325 probatur.
1120 2235 1285 2313 Quoniam
1311 2237 1421 2303 unitas
1451 2248 1502 2303 ost
1526 2259 1561 2314 o,

472 2375 505 2431 ει
527 2363 571 2430 ab
593 2365 662 2451 ipsa
684 2363 824 2453 depositi
841 2375 918 2431 sunt
932 2365 1061 2431 numeri
1081 2365 1223 2451 impares
1239 2364 1389 2431 ordinate
1413 2366 1449 2443 d,
1472 2387 1509 2443 ε,
1529 2366 1562 2454 s,

470 2509 505 2576 p,
527 2488 589 2555 erit
611 2492 640 2555 d.
664 2492 695 2555 3.
718 2500 751 2555 ει
771 2510 788 2554 c
811 2493 842 2556 5.
864 2491 940 2576 ets.
967 2492 1043 2557 7et
1065 2512 1095 2572 p.
1115 2493 1148 2557 9.
1170 2502 1203 2558 ει
1232 2490 1417 2580 quadratus
1443 2493 1503 2582 qui
1527 2492 1562 2559 fit

472 2620 493 2682 a
515 2636 652 2684 numero
673 2639 702 2691 ε,
722 2617 846 2683 scilicet
869 2638 1026 2684 numerus
1049 2619 1070 2683 ir
1091 2628 1142 2683 εει
1165 2618 1220 2685 25.
1244 2628 1277 2684 ει
1298 2617 1485 2708 quadratus
1504 2619 1560 2709 qui

470 2743 508 2810 fit
531 2755 549 2812 a
572 2746 756 2834 numeros,
780 2744 904 2812 scilicet
925 2766 1083 2811 numerus
1105 2750 1130 2826 i,
1154 2757 1213 2812 εει.
1243 2746 1297 2813 di).
1321 2758 1354 2815 ει
1375 2745 1559 2836 quadratus

471 2875 527 2962 qui
551 2872 587 2937 fit
609 2874 628 2931 a
651 2894 789 2940 numero
810 2895 847 2956 o,
869 2873 992 2941 scilicet
1015 2895 1174 2942 numerus
1196 2878 1237 2952 k,
1257 2886 1307 2942 εει
1325 2878 1402 2955 8ι.;
1427 2887 1461 2943 ει
1482 2878 1560 2966 quia

469 3001 597 3066 numeri
619 3003 653 3074 d,
675 3023 706 3073 e,
726 2999 757 3086 s,
780 3024 798 3082 p
822 3012 900 3067 sunt
921 3001 1106 3068 secundum
1128 3004 1346 3091 quantitatem
1369 3003 1560 3077 unitatum,

467 3147 532 3216 que
547 3138 623 3191 sunt
640 3126 672 3191 iu
691 3147 828 3194 numero
844 3131 876 3203 b,
896 3139 929 3194 ει
951 3130 1080 3195 numeri
1103 3128 1139 3201 d.
1163 3149 1193 3201 ε,
1215 3133 1246 3212 Ι,
1263 3150 1284 3216 9
1303 3141 1381 3196 sunt
1399 3137 1481 3207 uu0',
1496 3132 1558 3198 crit

468 3253 676 3320 manifestum
702 3254 792 3344 quod
811 3277 968 3322 numerus
988 3259 1005 3321 d
1028 3269 1089 3322 εει.
1113 3256 1374 3323 tanumeros
1397 3278 1417 3323 o
1440 3270 1501 3325 εει.
1525 3259 1558 3323 3.

468 3393 501 3448 ει
524 3381 731 3448 ιῃεηίῐεειεω
753 3381 842 3470 quod
864 3380 1047 3471 quadratus
1079 3384 1137 3471 qui
1161 3382 1197 3447 fit
1219 3387 1240 3450 a
1262 3404 1401 3450 numero
1424 3385 1448 3450 d
1461 3435 1469 3459 ,
1492 3385 1557 3452 sci·

468 3506 585 3573 licata
608 3509 773 3583 temario‚
795 3507 885 3574 addit
908 3531 1007 3598 super
1029 3509 1227 3597 quadratum
1265 3512 1323 3600 qui
1347 3510 1384 3576 fit
1415 3511 1462 3578 ab
1485 3514 1557 3579 uni·

471 3644 537 3700 tatc
558 3656 575 3699 c
595 3655 700 3700 unum
734 3635 955 3710 octonarium,
992 3646 1025 3701 ει
1046 3634 1229 3722 quadratus
1250 3638 1308 3726 qui
1331 3634 1368 3701 fit
1391 3638 1413 3705 d
1434 3660 1554 3705 nomo·

468 3781 505 3826 ro
522 3783 538 3826 ε
557 3759 648 3827 addit
663 3782 763 3848 super
782 3760 982 3849 quadratum
1005 3764 1134 3829 numeri
1154 3767 1174 3829 d
1191 3762 1276 3830 duos
1297 3766 1498 3832 octonarios.
1515 3767 1556 3833 Et

466 3887 650 3977 quadratus
671 3888 727 3976 qui
767 3885 805 3952 fit
827 3893 847 3955 d
870 3907 1006 3955 numero
1028 3889 1057 3974 s,
1080 3889 1203 3956 scilicet
1229 3897 1442 3969 numerosi,
1466 3891 1557 3959 addit

466 4036 566 4103 super
587 4014 785 4104 quadratum
808 4015 866 4102 qui
890 4013 926 4080 fit
948 4016 969 4081 d
992 4036 1131 4082 numero
1152 4037 1184 4091 c.
1209 4015 1271 4083 hoc
1295 4027 1345 4084 εει
1370 4039 1472 4106 super
1495 3994 1556 4085 nu-

466 4165 591 4210 merum
614 4144 636 4210 Ιι
658 4154 724 4209 tros
746 4143 946 4216 octonarios,
985 4141 1136 4208 videlicet
1168 4143 1351 4211 secundum
1389 4146 1556 4233 quantita·

463 4279 528 4334 tem
550 4271 730 4344 unitatum,
753 4289 817 4357 quc
839 4279 915 4335 sunt
937 4272 958 4336 ιι
979 4289 1116 4336 numero
1137 4292 1159 4338 o
1182 4292 1242 4338 nec
1265 4293 1330 4339 uon
1355 4284 1389 4341 ει
1405 4271 1553 4362 quadra-

466 4404 519 4459 tus
542 4397 598 4483 qui
623 4396 659 4461 fit
678 4400 908 4479 cinamomo,
933 4395 1024 4463 addit
1045 4418 1146 4486 super
1167 4399 1367 4487 quadratum
1390 4403 1449 4490 qni
1472 4400 1510 4469 fit
1535 4407 1553 4469 i

541 4558 573 4616 (o
593 4559 655 4609 reor
673 4561 725 4621 ug.
744 4562 785 4611 aa.
