4175 5792
514 699 533 763 l

513 845 567 919 tis,
585 857 621 912 ut
640 845 811 913 medietas:
832 848 945 913 tertia:
965 857 998 914 et
1011 856 1147 936 quarta:
1164 856 1198 911 et
1211 855 1320 912 cetere
1333 845 1521 920 fractiones,
1538 845 1601 932 qni

325 965 332 982 '
368 992 398 1035 ru.
410 995 477 1028 troo
512 990 625 1039 omnes
643 983 720 1039 sunt
736 972 861 1039 radices
879 974 886 1062 Ι
904 972 1143 1061 quadratorum
1159 991 1381 1039 numerorum.
1399 972 1461 1038 Per
1482 990 1604 1038 secun-

510 1097 585 1165 dam
618 1099 840 1189 intelliguntur
857 1097 982 1165 radices
1005 1116 1217 1164 numerorum
1240 1098 1508 1164 ratiocinatorem
1532 1114 1603 1162 non

511 1222 764 1312 quadratorum,
781 1225 866 1292 vnde
878 1225 1023 1312 potentia
1038 1244 1153 1290 earum
1172 1221 1322 1289 radicum
1338 1231 1545 1294 numeratur,
1566 1230 1602 1288 et

512 1350 580 1439 ipse
603 1349 728 1419 radices
750 1352 914 1418 numerari
937 1371 1002 1418 non
1026 1359 1183 1437 possunt:
1207 1349 1249 1413 Et
1265 1346 1339 1415 ideo
1357 1357 1520 1414 uocantur
1538 1366 1603 1412 nu-

357 1479 414 1530 '¹¹¹¹
433 1481 470 1532 ll‘
511 1478 590 1546 meri
606 1477 706 1545 surdi.
726 1479 768 1545 Et
785 1499 826 1544 ex
848 1477 953 1544 une·
971 1476 1124 1566 predictis
1147 1475 1239 1544 lineis
1257 1475 1363 1565 prima
1380 1486 1430 1542 est
1448 1473 1601 1564 simplex,

363 1574 368 1580 ι
508 1627 574 1694 que
590 1615 730 1672 uocatur
753 1603 873 1681 media,
894 1625 952 1694 per
974 1623 1076 1694 quam
1092 1601 1281 1691 intelligitur
1296 1600 1389 1668 radix
1404 1600 1523 1668 radicis
1538 1622 1602 1669 nu-

511 1732 593 1799 meri
612 1750 677 1799 non
692 1731 855 1821 quadrati.
880 1732 922 1798 Et
943 1752 983 1799 ex
1005 1730 1153 1820 reliquis,
1176 1747 1234 1796 sex
1248 1738 1326 1796 sunt
1339 1727 1466 1796 radices
1483 1750 1602 1796 nume·

514 1874 625 1923 rorum
647 1856 883 1936 binomiorum,
907 1857 971 1925 hec
992 1867 1041 1925 est
1071 1855 1213 1924 duorum
1249 1853 1428 1921 nominum.
1464 1853 1603 1942 Reliqua

511 1994 588 2050 sunt
607 1982 732 2052 radices
747 1953 935 2053 recisorum.
951 1986 1000 2051 Ex
1017 1983 1149 2050 duobus
1162 1980 1296 2072 quidem
1319 1979 1505 2048 nominibus
1521 1993 1601 2047 sunt

433 2126 435 2134 ’
511 2112 637 2178 numeri
657 2112 827 2199 compositi
842 2133 881 2178 ex
896 2129 1033 2179 numero
1051 2122 1084 2178 et
1106 2109 1231 2186 radice,
1255 2109 1306 2177 uel
1329 2130 1369 2176 ex
1389 2108 1520 2175 duabus
1543 2125 1599 2176 ra-

511 2236 657 2314 dicibus,
679 2261 744 2328 que
760 2240 953 2327 compositio
968 2236 1004 2303 lit
1026 2259 1083 2306 sex
1102 2236 1216 2305 modis.
1236 2237 1369 2304 Recisus
1386 2235 1519 2326 quidem
1535 2257 1599 2303 nu—

512 2389 622 2435 merus
637 2366 756 2435 dicitur
775 2365 958 2442 residuum,
980 2364 1070 2455 quod
1086 2376 1135 2432 est
1151 2366 1235 2433 inter
1257 2386 1434 2432 numerum
1453 2374 1486 2429 et
1509 2362 1598 2429 radi-

509 2515 597 2570 cem,
614 2496 666 2563 uel
687 2497 770 2561 inter
787 2490 871 2561 duas
890 2493 1030 2570 radices,
1045 2492 1135 2581 quod
1151 2494 1249 2560 etiam
1264 2493 1302 2558 fit
1317 2513 1374 2559 sex
1388 2491 1460 2579 aliJ's
1478 2488 1596 2568 modis,

511 2632 546 2688 ut
562 2621 714 2689 Euclides
730 2620 818 2688 dicit.

593 2749 633 2814 Et
647 2769 723 2815 cum
736 2745 880 2815 studiose
895 2767 994 2835 super
1014 2746 1073 2813 hos
1089 2737 1274 2836 quindecim
1295 2765 1462 2823 numeros,
1485 2754 1519 2812 et
1540 2766 1597 2812 su·

428 2901 430 2905 ·
511 2892 569 2960 per
587 2892 701 2941 eorum
724 2872 929 2941 diuersitates
947 2874 1141 2963 cogitarem,
1166 2874 1274 2941 inueni
1299 2873 1425 2941 nullum
1449 2874 1596 2962 ipsorum

509 3021 688 3090 congruere
703 3022 799 3091 posse
815 3003 873 3069 uni·
890 3022 938 3068 ex.
963 3025 992 3068 x.
1019 3001 1185 3069 radicibus
1200 3002 1407 3090 supradictis,
1430 3023 1497 3091 que
1517 3022 1593 3068 cum

506 3128 637 3197 duobus
659 3129 829 3217 quadratis
845 3143 879 3198 et
897 3131 986 3198 cubo¹
1004 3132 1078 3197 sint.
1101 3153 1153 3196 xx.
1175 3131 1263 3196 utin
1284 3131 1496 3220 sequentibus
1517 3148 1593 3218 geo—

508 3259 642 3324 metrica
664 3257 919 3325 demonstratur.

575 3391 723 3453 Anriceat
746 3385 879 3474 quidem
895 3385 978 3455 linea
993 3388 1047 3453 ab
1069 3383 1112 3475 (l)
1133 3405 1194 3473 pro
1217 3406 1283 3455 una
1304 3406 1344 3451 ex
1366 3383 1461 3450 dietis
1478 3380 1592 3448 decem

509 3509 687 3587 radicibus,
702 3513 756 3579 cui
772 3512 954 3600 applicetur
969 3510 1158 3601 superficies
1178 3513 1257 3579 recti
1277 3511 1396 3600 angula
1413 3513 1431 3575 b
1445 3513 1466 3575 d
1484 3508 1595 3575 latitu-

509 3635 617 3703 dinem
641 3637 762 3705 laeiens
784 3650 905 3704 rectam
921 3643 942 3704 d
960 3662 995 3724 q,
1013 3661 1079 3730 que
1094 3641 1145 3707 ait.
1170 3661 1199 3705 x.
1220 3640 1261 3704 Et
1280 3647 1365 3704 recte
1382 3635 1515 3727 quidem
1532 3639 1550 3701 b
1573 3659 1592 3722 q

508 3763 665 3851 aplicetur
697 3764 886 3854 superficies
909 3767 1143 3857 rectiangulas
1166 3789 1185 3850 q
1208 3765 1333 3854 equalis
1353 3763 1452 3840 cubo,
1475 3764 1531 3853 qui
1556 3762 1593 3830 fit

508 3911 527 3955 a
551 3910 686 3957 numero
705 3911 726 3956 o
744 3893 771 3955 t.

571 4021 694 4085 Rursus
717 4028 803 4084 reete
825 4041 840 4085 c
863 4041 881 4084 z
903 4021 1061 4108 aplicetur
1083 4019 1332 4107 palilegramnm
1350 4016 1415 4109 (sic)
1436 4016 1590 4106 orthogo-

506 4146 594 4212 nium
612 4151 654 4211 is
671 4145 786 4234 equale
807 4144 938 4212 duobus
956 4143 1139 4235 quadratis,
1154 4143 1210 4233 qui
1231 4143 1313 4211 liunt
1330 4166 1350 4211 a
1366 4162 1538 4212 nnmaroo
1557 4146 1593 4218 b,-

505 4272 566 4336 arit
580 4292 657 4360 ergo
677 4281 744 4336 tnta
759 4292 781 4337 o
801 4284 812 4337 t
826 4269 1013 4359 superficies
1025 4271 1225 4360 rectiangula
1240 4282 1273 4339 et
1287 4271 1423 4360 equalis.
1435 4291 1503 4345 xx,
1515 4282 1593 4336 sunt

505 4397 590 4462 enim
608 4400 717 4488 anguli
733 4421 754 4466 o
770 4403 788 4466 l
804 4422 823 4483 q
842 4411 875 4466 et
890 4422 910 4483 p
927 4401 1078 4489 berecti.
1094 4401 1203 4479 Quare
1223 4400 1381 4466 indirecto
1390 4396 1534 4465 estlinea
1549 4398 1595 4462 le

576 4671 610 4731 μ]
627 4672 690 4721 vsu
708 4674 759 4736 sig.
776 4674 799 4721 r.
