4175 5792
475 707 544 775 tut

475 861 613 943 propter
634 849 774 920 eandem
795 852 824 919 si
846 873 867 919 a
900 871 1039 921 numero
1069 872 1089 937 9
1111 851 1134 935 d
1159 850 1363 920 aufferantur
1384 849 1467 926 duo,
1489 847 1570 915 ecili-

474 989 527 1046 eet
549 999 707 1047 numerus
741 1001 758 1045 e
787 983 821 1056 d,
850 979 1032 1049 remanebit
1066 1001 1087 1068 9
1121 1001 1138 1047 e
1171 980 1297 1070 equalis
1323 996 1461 1046 numero
1497 978 1569 1061 b9.

477 1109 600 1174 Rursus
646 1109 672 1175 si
719 1111 739 1174 tr
785 1129 923 1179 numero
960 1132 977 1175 o
1017 1131 1037 1194 9
1077 1107 1258 1175 aufferatur
1298 1126 1458 1175 numerus
1497 1123 1517 1188 9
1547 1105 1570 1187 9.

476 1235 602 1326 equalis
625 1237 759 1327 utrique
778 1256 990 1305 numerorum
1006 1258 1028 1303 a
1044 1237 1079 1312 b,
1103 1238 1120 1302 b
1138 1257 1169 1313 e,
1188 1234 1406 1303 remanebunt
1421 1232 1490 1300 duo
1514 1251 1570 1322 pru

477 1383 614 1431 numero
635 1365 704 1453 se:
721 1385 824 1455 quare
853 1365 986 1454 totus(
1014 1369 1108 1434 dest
1141 1364 1171 1431 i.
1202 1365 1245 1431 Et
1274 1362 1433 1452 quoniam
1456 1383 1571 1428 nume·

478 1511 535 1557 rus
553 1514 572 1575 9
596 1502 679 1559 eest
694 1492 727 1559 id
747 1493 780 1558 in
798 1510 865 1580 quo
896 1513 1053 1559 numerus
1082 1493 1100 1559 b
1128 1512 1148 1577 9
1167 1487 1439 1580 superhabundat
1461 1508 1573 1554 nume

477 1639 552 1685 rum
574 1640 595 1685 a
619 1621 659 1696 b,
681 1629 714 1687 et
735 1628 785 1686 est
807 1640 823 1685 e
843 1642 863 1704 9
882 1619 972 1688 duo:
1007 1619 1099 1686 addit
1121 1639 1201 1709 ergo
1223 1617 1428 1708 quadratus,
1451 1616 1510 1706 qui
1539 1613 1573 1681 fit

477 1749 658 1843 dnumeru
682 1746 701 1811 b
721 1768 761 1831 9,
786 1767 885 1835 super
907 1748 1128 1836 quadratum,
1147 1749 1204 1838 qui
1229 1748 1266 1813 fit
1291 1752 1311 1815 a
1333 1766 1511 1814 numeroa
1535 1744 1572 1817 b.

477 1872 614 1962 duplum
633 1893 847 1941 numerorum
866 1898 887 1942 u
912 1874 952 1953 b,
973 1874 992 1940 b
1009 1896 1051 1959 9,
1075 1873 1139 1941 huc
1161 1875 1291 1942 numeri
1323 1896 1345 1941 a
1362 1895 1394 1957 9.
1419 1871 1573 1940 Similiter

475 2010 507 2066 et
529 1998 732 2088 quadratus,
756 2005 813 2091 qui
838 2000 875 2067 fit
898 2006 919 2069 a
941 2022 1078 2070 numero
1096 2024 1116 2087 9
1139 2002 1162 2068 d
1173 2053 1180 2076 ‚
1202 2003 1293 2070 addit
1312 2022 1412 2090 super
1429 1999 1572 2090 quadra-

476 2137 547 2194 tum
571 2129 589 2192 b
607 2152 626 2211 9
644 2126 782 2216 duplum
798 2128 1044 2197 numerorumb
1065 2151 1084 2212 9
1102 2181 1110 2207 ,
1128 2152 1147 2213 9
1170 2130 1213 2209 d;
1235 2147 1313 2218 ergo
1333 2137 1416 2218 quot
1445 2125 1574 2195 excedit

474 2253 613 2345 duplum
625 2276 838 2323 numerorum
851 2258 869 2322 b
880 2279 911 2340 9,
924 2278 944 2341 9
955 2254 1124 2346 dduplum
1136 2277 1347 2326 numerorum
1359 2277 1380 2323 a
1393 2255 1425 2332 b,
1445 2259 1464 2322 b
1476 2276 1510 2342 9,
1524 2266 1572 2323 tot

475 2381 601 2450 excedit
612 2382 835 2471 numerusqui
847 2392 895 2450 est
908 2383 991 2448 inter
1006 2381 1198 2471 quadratos,
1217 2385 1274 2475 qui
1284 2382 1372 2451 fiunt
1388 2387 1408 2451 d
1426 2385 1574 2451 numeris

473 2530 496 2597 9
509 2510 532 2576 d
537 2561 544 2587 ,
559 2530 580 2597 9
593 2511 624 2583 b,
642 2529 815 2575 numerum
831 2509 888 2597 qui
900 2519 949 2575 est
961 2509 1247 2597 interquadrat0e‚
1258 2510 1315 2599 qui
1328 2510 1412 2578 fiunt
1424 2514 1445 2578 a
1459 2533 1574 2578 nume·

477 2639 562 2726 ris9
587 2639 662 2713 Μ
694 2656 728 2712 u,
757 2635 941 2701 comuniter
976 2633 1156 2702 aufferatur
1180 2635 1319 2724 duplum
1342 2641 1474 2708 numeri
1496 2644 1516 2707 b
1537 2663 1573 2730 9,

396 2803 428 2829 m
451 2817 455 2827 .
475 2773 557 2854 quot
587 2762 594 2852 Ι
624 2782 701 2850 ergo
725 2760 994 2849 superhabundat
1024 2760 1162 2849 duplum
1196 2767 1322 2832 numeri
1348 2770 1409 2849 9d
1439 2766 1580 2858 duplum

477 2889 603 2954 numeri
623 2909 644 2953 a
663 2891 696 2964 b,
714 2898 760 2954 tot
774 2886 1045 2977 superhabundat
1064 2910 1221 2971 numerus
1240 2892 1296 2979 qui
1317 2903 1367 2958 est
1387 2893 1473 2961 inter
1486 2915 1571 2984 qua-

478 3015 603 3093 dratos,
626 3016 682 3104 qui
705 3014 789 3081 fiunt
811 3019 831 3082 a
853 3016 998 3083 numeris
1020 3016 1093 3103 d9,
1113 3036 1134 3103 9
1158 3018 1191 3094 b,
1223 3039 1399 3084 numerum
1439 3020 1500 3108 qui
1523 3029 1574 3087 est

478 3143 561 3210 inter
581 3141 763 3233 quadratos
784 3144 842 3231 qui
867 3142 950 3210 fiunt
972 3149 991 3206 a
1013 3143 1193 3225 numeris9
1212 3146 1244 3217 b,
1263 3145 1280 3209 b
1296 3166 1326 3210 a.
1343 3145 1407 3213 Sed
1427 3144 1572 3235 duplum

477 3271 648 3340 numeria
675 3272 693 3335 b
716 3280 766 3336 est
789 3271 874 3336 siout
897 3268 1035 3356 duplum
1059 3281 1187 3335 numeri
1207 3291 1227 3352 9
1260 3274 1289 3354 [;
1323 3292 1402 3360 ergo
1429 3271 1573 3361 duplum

477 3397 604 3464 numeri
625 3416 646 3483 9
668 3396 691 3460 d
711 3394 982 3484 superhabundat
1008 3392 1147 3483 duplum
1179 3397 1308 3463 numeri
1330 3419 1351 3464 a
1374 3398 1408 3476 b,
1434 3397 1501 3467 hoe
1523 3411 1575 3468 eet

476 3518 619 3610 duplum'
638 3523 764 3588 numeri
786 3543 807 3610 9
827 3523 848 3611 s
865 3523 897 3587 in
919 3519 1021 3609 dupio
1044 3522 1172 3589 numeri
1181 3521 1336 3608 fd.;Sed
1352 3522 1495 3613 duplum
1509 3547 1572 3592 nu-

478 3649 558 3715 meri
578 3648 600 3735 s
619 3651 709 3714 dest
733 3660 821 3722 netu,
846 3649 1075 3736 quaternarius
1097 3658 1146 3714 est
1169 3648 1256 3714 enim
1277 3649 1349 3736 [ἀς
1373 3671 1454 3741 ergo
1469 3668 1575 3741 ‘qua-

476 3774 599 3850 dratus,
629 3775 686 3862 qui
710 3772 747 3840 fit
770 3779 791 3840 a
813 3794 950 3842 numero
974 3796 995 3863 9
1022 3777 1059 3852 d,
1092 3772 1182 3840 addit
1205 3785 1280 3842 neto
1305 3780 1405 3866 super
1427 3777 1575 3867 quadra·

475 3915 562 3980 tum,
574 3902 629 3992 qui
646 3901 682 3966 iit
697 3905 717 3967 a
735 3921 871 3967 numero
887 3906 904 3966 ti
921 3923 958 3988 9,
976 3903 1050 3992 plus
1062 3922 1163 3990 quam
1182 3901 1283 3968 addat
1302 3903 1494 3993 quadratus
1511 3908 1572 3998 qui

475 4031 512 4098 fit
530 4035 550 4098 a
568 4030 743 4095 numeret
769 4049 788 4110 9
812 4049 910 4118 super
933 4028 1131 4118 quadratum
1154 4035 1210 4122 qui
1233 4032 1270 4100 fit
1289 4037 1308 4101 tr
1328 4056 1469 4103 numero
1495 4036 1571 4112 ba,

476 4170 511 4225 ut
535 4155 710 4246 oportebat
731 4153 909 4222 ostendere.

542 4286 588 4349 Er
610 4280 766 4371 quoniam
788 4279 952 4346 secundus
969 4279 1152 4369 quadratus
1170 4283 1292 4373 impar,
1309 4262 1445 4356 seilicet.
1464 4292 1500 4357 9.
1513 4289 1572 4356 ad·

475 4408 523 4475 dit
544 4428 646 4474 unum
670 4406 875 4472 octonarium
891 4425 990 4493 super
1009 4407 1151 4495 primum
1166 4408 1367 4497 quadratum
1388 4416 1569 4502 imparem,

474 4533 598 4603 scilicet
629 4553 739 4621 nuper.
763 4535 795 4598 t.
818 4531 1002 4598 inuenietur
1034 4553 1074 4599 ex
1109 4530 1160 4600 bis
1194 4536 1326 4603 tertium
1361 4540 1567 4628 quadratum

473 4665 655 4751 imparem,
688 4655 811 4723 scilicet
843 4658 897 4723 25.
919 4656 1038 4724 addere
1061 4655 1145 4725 duos
1178 4665 1365 4733 octonarios
1387 4688 1491 4759 super
1514 4694 1565 4740 se.
