4175 5792
1486 712 1506 776 7

481 856 659 925 Ostendam
673 876 787 922 rursus
803 855 1002 943 impossibile
1018 856 1189 945 essequod
1209 877 1366 923 numems
1383 861 1434 924 ob
1456 855 1501 948 (l)
1540 881 1572 927 ar.
1586 880 1655 916 ma

415 986 457 1052 sit
475 985 568 1052 radix
590 985 729 1051 alicuius
752 984 879 1050 numeri
904 984 1110 1064 ratiocinati3
1134 982 1278 1050 ducatur
1294 983 1429 1072 quidem
1446 1006 1467 1052 a
1486 987 1503 1050 b

416 1113 449 1178 in
464 1134 514 1190 se,
528 1121 561 1180 et
579 1111 750 1200 proueniat
768 1130 925 1177 uumerus
945 1112 1014 1186 blc,
1030 1121 1063 1177 et
1082 1132 1121 1178 ax
1141 1113 1158 1175 b
1178 1114 1198 1176 lc
1220 1111 1252 1175 in
1272 1114 1290 1176 b
1307 1133 1328 1179 a
1352 1113 1504 1199 prouenit

416 1237 605 1328 superficies
623 1239 823 1328 rectiangula
841 1259 863 1304 a
881 1238 918 1314 lc,
933 1259 999 1327 que
1009 1237 1200 1326 superficies
1209 1240 1397 1328 estequalis
1407 1239 1505 1318 cubo,

417 1369 473 1457 qui
493 1366 529 1432 fit
544 1387 564 1433 a
578 1385 748 1433 numeroo
764 1368 792 1431 b.
807 1367 915 1457 Quare
927 1366 1117 1455 superficies
1129 1371 1179 1434 lto
1193 1367 1318 1456 equalis
1333 1379 1382 1435 est
1394 1390 1507 1457 super-

420 1493 501 1562 ficiei
522 1497 539 1559 b
557 1515 585 1559 z.
601 1493 777 1582 Equalium
794 1513 874 1560 uero
892 1503 924 1560 et
942 1516 1046 1560 unum
1067 1496 1122 1562 uni
1143 1494 1294 1584 equalem
1314 1494 1506 1562 habentium

418 1623 574 1712 angulum
595 1620 933 1709 parallilogramorum
953 1624 1117 1690 contrarie
1129 1623 1299 1706 potiuntur
1310 1623 1428 1698 latera,
1440 1644 1507 1711 que

417 1751 504 1816 circa
520 1749 653 1838 equales
668 1748 805 1837 angulos
823 1748 1081 1823 subtenduntur,
1098 1759 1135 1815 ut
1153 1749 1196 1815 in.
1215 1750 1279 1816 vxl'
1298 1749 1443 1817 Euclidis
1459 1771 1508 1818 ra-

419 1875 553 1963 peritur.
577 1876 664 1965 Ergo
687 1885 737 1940 est
756 1875 878 1959 sicutq
899 1877 917 1940 b
936 1874 1061 1952 adbit,
1081 1877 1126 1942 ita
1144 1898 1166 1943 a
1184 1880 1202 1942 b
1221 1876 1261 1944 ad
1283 1879 1301 1941 b
1323 1899 1348 1944 c.
1369 1877 1410 1943 Et
1432 1897 1508 1943 cum

418 2008 562 2088 quatuor
580 1999 713 2090 quidem
737 2002 937 2090 quantitates
952 2001 1212 2090 proportionales
1231 2011 1323 2075 sunt.
1347 2000 1509 2088 fueritque

419 2127 505 2192 sicut
521 2125 626 2214 prima
645 2125 687 2191 ad
705 2127 899 2203 secundam,
919 2129 965 2194 ita
985 2130 1080 2195 tertia
1099 2128 1141 2195 ad
1160 2142 1327 2219 quartam,
1350 2139 1382 2195 et
1402 2128 1508 2216 prima

420 2254 516 2321 fuerit
536 2255 678 2323 monade
696 2256 1016 2336 commensurabilis,
1039 2267 1072 2325 et
1091 2258 1186 2325 tertia
1208 2269 1325 2346 quarta
1342 2277 1508 2324 commen-

386 2426 388 2431 .
423 2381 575 2448 surabilis
593 2382 666 2458 erit,
686 2384 784 2450 utin.
804 2382 851 2449 x.⁰
877 2382 1022 2451 Euclidis
1041 2384 1211 2472 reperitur.
1231 2385 1290 2450 list
1311 2384 1399 2451 enim
1418 2394 1507 2450 recta

420 2533 441 2577 u
464 2514 482 2576 b
506 2509 598 2578 radix
621 2512 758 2579 numeri.
782 2513 890 2591 Quare
908 2513 1090 2603 quadratus
1104 2513 1161 2602 qui
1186 2510 1223 2579 fit
1242 2512 1285 2579 ab
1302 2533 1362 2587 ea,
1386 2511 1509 2578 scilicet

422 2660 579 2707 numems
602 2642 620 2705 b
641 2640 676 2717 lc,
696 2651 745 2708 est
769 2642 997 2717 ratiocinatus,
1015 2651 1086 2725 ety
1107 2643 1125 2705 b
1143 2651 1192 2707 est
1222 2639 1355 2715 decem,
1379 2639 1437 2729 qui
1459 2650 1509 2705 est

415 2766 649 2844 ratiocinatus,
673 2788 750 2858 ergo
782 2771 908 2858 primus
936 2790 1093 2836 numerus
1117 2792 1136 2853 q
1161 2771 1179 2834 b
1201 2765 1507 2835 commensurabilis

413 2902 470 2960 est
509 2894 654 2962 secundo
689 2899 759 2961 blt.
793 2897 903 2975 Quare
934 2907 1011 2965 eta
1048 2900 1066 2962 b
1096 2918 1254 2964 numerus
1283 2896 1463 2962 numerob
1494 2914 1510 2958 e

422 3020 727 3087 commensurabilis
749 3030 808 3087 est.
833 3023 891 3087 Est
912 3022 1000 3089 enim
1022 3043 1042 3088 a
1067 3024 1085 3086 b
1110 3021 1202 3088 radix
1224 3022 1352 3089 numeri
1378 3020 1509 3088 ratioci-

421 3146 500 3213 nati.
523 3146 632 3225 Quare
652 3157 685 3214 et
709 3150 726 3213 b
747 3170 763 3214 e
784 3158 834 3216 est
856 3148 949 3215 radix
971 3149 1100 3216 numeri
1136 3150 1331 3217 ratiocinati.
1368 3152 1409 3216 Et
1429 3151 1509 3238 quia

420 3294 441 3340 a
465 3275 483 3337 b
505 3273 809 3340 commensurabilis
831 3284 880 3341 ast
904 3277 921 3340 b
944 3297 974 3352 e,
997 3276 1059 3341 erit
1082 3297 1159 3365 argo
1182 3275 1317 3343 obtati
1341 3295 1397 3341 aa
1419 3295 1511 3341 com-

422 3398 659 3468 mensurabilis.
683 3399 792 3477 Quare
814 3421 834 3466 o
856 3422 872 3467 c
894 3410 944 3468 est
975 3400 1068 3467 radix
1095 3402 1223 3469 numeri
1261 3385 1450 3468 ratiocinati
1475 3411 1509 3467 et

419 3538 469 3594 ast
490 3528 794 3596 commensurabilis
818 3529 962 3617 potentia
981 3530 1089 3597 solum
1112 3530 1171 3597 toti
1195 3533 1243 3596 oi
1265 3549 1424 3605 numero,
1447 3528 1510 3595 sci-

421 3656 495 3722 licet
519 3655 654 3725 binario.
678 3657 787 3736 Quare
810 3658 837 3723 si
862 3677 881 3722 a
905 3657 1032 3724 binario
1054 3680 1075 3729 a
1097 3663 1107 3724 i
1130 3657 1297 3726 auferatur
1319 3655 1412 3724 radix
1434 3678 1456 3723 o
1477 3679 1509 3731 e,

420 3782 478 3870 qui
501 3793 577 3849 sunt
597 3787 742 3872 potentia
765 3785 872 3853 solum
894 3787 1094 3864 ratiocinati,
1127 3786 1308 3855 remanebit
1329 3808 1345 3853 o
1368 3791 1381 3851 i
1402 3785 1507 3852 absci-

418 3909 488 3986 sio,
513 3910 583 3976 siue
607 3913 767 3989 recisum,
789 3911 879 4001 quod
909 3913 1174 3982 inratiooinatum
1207 3934 1277 3981 esse
1300 3911 1343 3978 ab
1372 3910 1508 3978 Euclida

420 4035 462 4101 in.
493 4035 540 4099 x.⁰
572 4033 822 4105 demonstratur.
858 4038 919 4107 Sed
952 4040 1031 4129 quia
1055 4061 1094 4107 ex
1124 4039 1225 4106 ductu
1249 4062 1270 4107 a
1293 4043 1311 4105 b
1334 4040 1402 4104 inse
1431 4057 1507 4125 pro-

419 4162 510 4228 uenit
533 4183 689 4229 numerus
712 4167 939 4243 ratiocinatus,
962 4167 1087 4235 scilicet
1122 4165 1293 4233 dimidium
1322 4162 1506 4252 superficiei

419 4309 435 4351 a
458 4300 483 4363 t,
508 4290 569 4354 erit
591 4309 670 4378 ergo
693 4301 761 4357 tota
784 4293 973 4383 superficies
994 4318 1010 4361 a
1028 4309 1038 4362 t
1055 4294 1261 4370 ratiocinata,
1286 4291 1380 4359 cuius
1404 4312 1506 4357 unum

492 4568 526 4628 <n
543 4567 607 4616 vem
625 4565 709 4630 riga.
