4175 5792
602 695 645 758 80

671 837 860 929 Eademque
879 841 934 907 uia
951 850 984 908 et
1008 842 1106 909 modo
1128 842 1313 909 inuenietur
1329 860 1443 906 rursus
1463 837 1491 904 si
1515 841 1534 905 d
1551 837 1693 905 ternario

600 966 748 1056 dispositi
771 968 890 1036 fuerint
913 970 1041 1037 numeri
1065 982 1290 1060 quotcumque
1313 967 1528 1036 ascendentes
1549 989 1609 1058 per
1632 976 1695 1034 ter-

601 1096 729 1161 narium
753 1094 922 1173 ordinate,
941 1095 1083 1163 solidum
1107 1097 1197 1186 quod
1224 1097 1260 1162 lit
1284 1096 1327 1163 ab
1352 1096 1468 1163 ultimo
1497 1114 1636 1173 eorum,
1663 1103 1695 1159 et

599 1225 619 1290 lr
639 1235 809 1313 sequente,
829 1234 861 1291 et
880 1225 1105 1301 aconiuncto,
1123 1225 1237 1313 equari
1254 1222 1397 1311 sexcupli
1424 1221 1521 1310 triplo
1543 1220 1694 1287 omnium

601 1352 853 1442 quadratorum,
872 1354 928 1444 qui
942 1352 1025 1420 fiunt
1045 1354 1088 1421 ab
1105 1353 1184 1443 ipsis
1199 1353 1345 1419 numeris
1364 1348 1618 1418 ascendentibus
1638 1369 1693 1437 per

498 1472 501 1481 ¹
601 1485 802 1566 ternarium}
827 1495 860 1551 et
882 1483 1015 1572 quando
1043 1481 1228 1553 ‚ascendent
1251 1501 1309 1569 per
1332 1479 1519 1552 binarium,
1543 1486 1582 1544 ut
1604 1475 1643 1542 fit
1665 1476 1695 1542 in
1730 1488 1739 1574 Ἰ

599 1611 758 1702 paribus,
782 1621 861 1678 tunc
883 1610 1038 1679 ultimum
1073 1609 1215 1677 solidum
1237 1616 1379 1697 equatur
1412 1606 1513 1694 duplo
1546 1603 1694 1693 sexcupli

600 1739 748 1807 omnium
769 1737 1008 1826 quadratorum
1032 1737 1255 1805 adiacentium
1278 1758 1513 1812 numerorum,
1537 1745 1572 1802 et
1591 1753 1694 1822 quan·

601 1866 650 1933 do=
667 1866 848 1934 ascendunt
872 1886 931 1955 per
952 1865 1135 1940 unitatem,
1161 1876 1199 1931 ut
1222 1865 1258 1930 lit
1281 1864 1316 1930 in
1338 1864 1487 1932 numeris.
1506 1861 1694 1933 continuis,

600 2003 679 2059 tunc
701 1994 961 2081 suprascriptum
980 1992 1123 2060 solidum
1142 2001 1284 2080 equatur
1306 1993 1424 2082 simplo
1448 1990 1595 2078 sexcupli
1614 2008 1695 2078 qua·

601 2118 771 2187 dratorum
806 2122 1027 2189 adiacentium
1062 2140 1296 2198 numerorum,
1331 2132 1369 2187 ut
1396 2126 1429 2186 iu
1462 2115 1695 2208 suprascriptis

601 2246 924 2325 demonstrauimus,
948 2270 1013 2338 que
1035 2249 1195 2338 intelligas
1219 2249 1252 2314 in
1276 2248 1468 2338 quadratis,
1490 2247 1548 2336 qui
1572 2245 1694 2313 fiuntd

601 2377 746 2443 numeris
766 2376 824 2464 qui
848 2375 1028 2443 ascendunt
1050 2375 1205 2443 ordinate·
1224 2398 1281 2465 per
1302 2374 1551 2466 quaternarium
1576 2379 1695 2448 atttr“‚

600 2503 653 2571 uel
676 2506 696 2570 a
717 2506 780 2571 Vl⁸⁸
803 2524 860 2591 per
878 2504 1066 2592 quinarium
1080 2554 1087 2580 ,
1102 2503 1154 2571 uel
1173 2525 1229 2593 per
1247 2505 1468 2572 ascensionem
1487 2502 1694 2591 reliquorum

601 2653 826 2701 numerorum.

667 2759 700 2824 Sr
716 2756 783 2824 duo
803 2759 930 2825 numeri
947 2757 1044 2847 primi
1064 2770 1304 2849 componantur
1324 2759 1366 2827 ad
1384 2781 1419 2826 se
1438 2758 1595 2835 inuicem,
1611 2757 1694 2824 fece·

602 2885 710 2973 ritque
721 2885 922 2973 compositus
940 2886 1043 2952 exeis
1060 2908 1233 2954 numerum
1250 2908 1377 2977 parem,
1398 2887 1426 2953 si
1438 2885 1564 2959 solidus
1580 2903 1694 2951 nume-

602 3035 659 3080 rus
674 3064 681 3085 .
706 3013 763 3102 qui
780 3012 816 3077 fit
834 3012 877 3079 ab
897 3013 975 3101 ipsis
992 3025 1025 3080 et
1045 3014 1088 3080 ab
1105 3035 1220 3083 eorum
1236 3015 1439 3103 composito,
1459 3012 1694 3100 multiplicetur

599 3161 658 3230 per
669 3163 844 3208 numerum
856 3140 888 3206 in
899 3161 967 3229 quo
981 3142 1087 3208 maior
1100 3163 1258 3208 numerus
1269 3141 1395 3210 excedit
1415 3142 1586 3217 minorem,
1602 3160 1693 3229 egre·

599 3267 886 3335 dictur-numerus
901 3317 908 3343 ,
926 3270 1022 3333 cuius
1043 3267 1207 3356 vigesima
1234 3279 1353 3357 quarta
1371 3289 1447 3356 pars
1470 3267 1533 3334 erit
1555 3266 1692 3355 integra.

599 3394 669 3461 Sint
681 3393 748 3461 duo
767 3393 931 3460 numeria
951 3392 1017 3460 bet
1037 3393 1055 3458 b
1065 3415 1086 3481 9
1108 3392 1151 3486 (l)
1174 3394 1269 3482 primi
1290 3393 1331 3460 ad
1349 3415 1384 3461 se
1399 3394 1555 3469 inuicem,
1574 3391 1693 3460 iacien-

601 3533 649 3588 tes
667 3521 888 3609 eompositum
903 3540 944 3585 ex
960 3520 1007 3586 eis
1024 3541 1076 3607 cp
1097 3542 1269 3587 numerum
1287 3542 1419 3611 parem,
1444 3522 1508 3589 hoc
1531 3530 1581 3589 est
1600 3517 1693 3610 quod

599 3645 665 3713 sint
679 3647 805 3734 minimj
826 3646 859 3711 in
878 3646 950 3734 ipsa
966 3647 1196 3734 proportione,
1213 3669 1313 3736 quarn
1334 3647 1434 3716 habet
1448 3670 1608 3716 numerus
1628 3669 1651 3716 u
1675 3650 1693 3712 ὁ

600 3773 834 3863 adnumerum
855 3773 872 3838 d
882 3795 916 3861 p,
936 3783 968 3841 et
988 3795 1146 3841 numerus
1167 3775 1218 3863 tp
1235 3776 1349 3853 maior,
1373 3786 1405 3844 et
1422 3787 1610 3843 summetur
1627 3773 1692 3866 (sie)

599 3922 640 3968 ex
655 3919 795 3968 numero
811 3899 865 3984 dp
889 3921 1047 3970 numerus
1065 3907 1082 3968 b
1097 3903 1256 3990 dequalis
1276 3925 1413 3971 numero
1435 3908 1498 3973 ab.
1520 3904 1592 3972 ltrit
1614 3920 1693 3992 ergo

600 4050 757 4097 numerus
781 4030 840 4117 dp
862 4028 893 4095 id
916 4030 949 4094 in
976 4050 1042 4119 quo
1077 4051 1234 4099 numerus
1258 4037 1275 4098 b
1296 4053 1316 4120 p
1340 4032 1611 4122 superhabundat
1632 4053 1695 4098 nn·

599 4179 726 4226 merum
750 4180 772 4226 o
796 4161 824 4223 t.
848 4158 930 4225 Dico
953 4158 1086 4248 quidem
1109 4159 1197 4248 qnod
1222 4162 1248 4227 si
1272 4182 1429 4230 numerus
1450 4185 1471 4231 a
1494 4163 1694 4252 dmultipli·

600 4296 691 4351 cetur
716 4287 748 4352 in
782 4307 957 4354 numerum
995 4289 1073 4374 lp,
1108 4299 1141 4354 et
1174 4287 1263 4377 quod
1293 4293 1462 4378 proueniet
1491 4290 1636 4359 ducatur
1659 4292 1694 4358 in

655 4556 686 4614 (l,
704 4557 766 4606 vent
783 4559 833 4620 lig.
851 4559 891 4609 23.
