4175 5792
468 690 511 757 lo

467 846 517 905 est
531 828 707 926 quesitum.
728 837 815 927 Ergo
834 837 1023 927 superficias
1038 840 1060 904 d
1074 858 1090 904 a
1105 846 1154 903 est
1169 834 1263 902 radix
1277 836 1406 902 numeri
1424 847 1457 903 et
1473 835 1565 902 radi-

464 963 525 1040 cis,
544 955 576 1030 et
592 961 782 1052 superficies
796 985 812 1031 a
828 975 840 1032 t
856 973 985 1032 constat
1003 972 1133 1034 constat
1155 960 1220 1053 (sic)
1242 983 1282 1029 ex
1300 980 1437 1029 numam
1455 973 1490 1029 et
1508 983 1564 1030 ra·

421 1170 427 1177 ‚
465 1090 550 1168 dice,
564 1112 642 1159 cum
661 1092 704 1158 sit
718 1091 856 1180 duplum
880 1093 1042 1163 numerio
1060 1091 1091 1157 tr.
1115 1091 1201 1181 Ergo
1218 1099 1287 1156 tota
1301 1087 1493 1179 superficies
1512 1092 1535 1156 d
1551 1095 1565 1155 i

464 1228 593 1287 constat
614 1240 655 1287 ex
676 1240 814 1287 numero
835 1229 869 1286 et
891 1219 1022 1298 radice,
1044 1228 1078 1285 et
1100 1239 1140 1284 ex
1162 1215 1272 1284 radice
1289 1216 1417 1284 numeri
1427 1227 1461 1283 et
1470 1215 1562 1283 radi·

466 1366 520 1414 oea
534 1344 616 1438 (sic),
631 1367 671 1413 ex
688 1365 832 1434 quornm
851 1345 1061 1412 coniunticne
1080 1363 1250 1432 nunquam
1263 1342 1382 1429 poterit
1400 1364 1561 1412 numerus

468 1474 681 1543 ratiocinatus
704 1469 879 1563 procreari.

533 1594 643 1679 Quare
666 1598 867 1688 impossibile
881 1610 932 1666 ast
954 1599 1040 1665 linea
1062 1619 1083 1666 o
1104 1600 1122 1663 ll
1141 1598 1226 1664 linea
1242 1617 1314 1664 esse
1332 1595 1424 1664 radix
1442 1617 1562 1665 secun-

468 1727 501 1794 di
525 1726 675 1814 binomij,
695 1746 755 1794 nec
771 1726 869 1794 etiam
889 1726 951 1793 orit
965 1727 1075 1815 quarti
1095 1725 1148 1793 uel
1167 1725 1274 1815 quinti
1297 1724 1448 1812 binomij,
1471 1724 1564 1814 quod

469 1853 591 1923 eisdem
611 1854 945 1922 demonstrationibus
955 1853 1211 1929 demonstratur,
1225 1874 1302 1922 oum
1325 1856 1396 1945 ipsa
1415 1855 1563 1923 binomia

469 1992 619 2050 constent
637 1981 785 2051 similiter
802 2004 843 2050 ex
858 1976 996 2050 numero
1013 1992 1047 2049 et
1066 1980 1184 2049 radice.

536 2108 599 2178 Sed
627 2111 653 2178 si
683 2111 837 2200 possibile
864 2121 934 2189 est,
967 2120 1038 2178 esto
1062 2110 1147 2178 linea
1176 2084 1235 2177 ab
1269 2109 1361 2178 radix
1390 2111 1475 2199 tertij
1507 2111 1563 2179 uel

474 2235 555 2304 sexti
570 2234 722 2326 bin'omij,
737 2247 771 2306 et
787 2237 1021 2328 multiplicetur
1042 2257 1064 2305 o
1088 2239 1106 2317 o,
1128 2237 1209 2312 inse,
1237 2246 1270 2303 et
1298 2237 1471 2326 proueniat
1491 2240 1510 2303 b
1528 2238 1563 2315 lc,

472 2362 562 2452 qnod
576 2373 626 2432 est
644 2369 865 2454 compositum
882 2386 923 2433 ex
940 2364 1107 2432 radicibus
1118 2361 1260 2431 duorum
1275 2363 1482 2433 diuersorum
1504 2388 1565 2434 nu-

474 2513 650 2560 merorum.
674 2493 784 2572 Quare
805 2502 875 2560 tota
897 2515 916 2577 q
940 2496 1024 2559 lcest
1044 2491 1143 2558 trium
1159 2491 1351 2570 nominum,
1368 2514 1433 2582 que
1452 2492 1564 2559 multi-

471 2618 593 2708 plicata
609 2618 677 2685 inlr
697 2621 720 2695 t,
733 2618 857 2685 scilicet
874 2618 908 2686 in
927 2616 1036 2686 radice
1049 2617 1177 2685 numeri
1195 2618 1212 2682 t
1230 2618 1265 2694 lr,
1278 2620 1449 2707 proueniat
1468 2619 1563 2687 radix

472 2745 594 2812 radicis
614 2745 743 2813 numeri
764 2755 798 2813 et
815 2744 964 2814 radicum
983 2766 1042 2835 pro
1063 2743 1236 2835 superficie
1257 2749 1328 2824 de:
1347 2745 1404 2815 scd
1425 2745 1564 2836 superli-

469 2873 562 2941 cieso
575 2883 587 2938 t
598 2881 728 2939 constat
737 2894 778 2940 ex
788 2871 919 2940 duabus
927 2871 1108 2941 radicibus.
1121 2872 1230 2952 Quare
1242 2881 1311 2940 tota
1322 2871 1510 2961 superficies
1521 2875 1542 2939 d
1553 2876 1564 2939 i

470 3007 519 3065 est
532 2999 768 3068 inraticcinata.
783 3000 854 3067 Non
869 3020 947 3091 ergo
965 3001 1086 3068 lineao
1106 3002 1123 3066 b
1139 3010 1189 3067 est
1205 2999 1298 3068 mdix
1312 3001 1452 3070 alicuius
1466 3001 1561 3069 bino·

470 3126 539 3213 mij.
568 3126 722 3195 Similiter
751 3127 872 3195 eisdem
903 3127 1238 3198 demonstrationibus
1260 3126 1562 3206 demonstrabitur,

471 3253 560 3343 quod
578 3245 665 3323 linea
679 3258 732 3324 at
747 3276 812 3322 nou
827 3265 877 3324 est
893 3255 986 3323 radix
1000 3255 1141 3323 alicuius
1153 3254 1257 3331 recisi,
1276 3256 1356 3345 quia
1371 3255 1398 3322 si
1413 3264 1498 3322 esset
1511 3276 1564 3323 ra-

471 3377 527 3447 dix
544 3382 678 3450 secundi
690 3383 743 3450 uel
753 3383 862 3471 quarti
879 3394 936 3451 aut
954 3383 1060 3473 quinti
1077 3383 1182 3459 recisi,
1198 3392 1283 3450 esset
1299 3383 1411 3472 itaque
1425 3380 1576 3471 superii?

470 3508 536 3575 cies
554 3512 575 3575 d
589 3530 605 3576 e
621 3509 713 3576 radix
730 3512 858 3578 numeri
876 3511 985 3577 minus
1005 3506 1124 3579 radios.
1137 3509 1194 3577 Vel
1214 3506 1306 3576 radix
1318 3506 1436 3574 radicis
1451 3507 1563 3576 miuus

470 3655 621 3713 numero,
636 3635 758 3704 scilicet
769 3636 859 3725 quod
878 3635 1068 3728 superficies
1079 3636 1102 3701 d
1111 3657 1126 3703 c
1141 3645 1226 3703 esset
1242 3632 1335 3701 radix
1352 3632 1488 3702 secundi
1505 3638 1562 3704 uel
1629 3648 1634 3661 '

469 3763 578 3853 quarti
591 3773 649 3830 aut
659 3765 765 3854 quinti
785 3765 892 3844 recisi,
912 3775 945 3834 et
956 3765 1145 3855 superficies
1164 3785 1180 3831 e
1197 3775 1208 3830 t
1227 3771 1312 3830 esset
1331 3783 1489 3832 numerus
1505 3766 1566 3832 mi-

376 3964 380 3973 ,
472 3911 534 3959 uus
557 3889 680 3970 radice,
702 3892 756 3958 uel
779 3891 871 3960 radix
892 3893 1001 3961 minus
1023 3909 1181 3968 numero,
1204 3888 1261 3978 qui
1284 3888 1416 3957 insimul
1440 3911 1565 3980 nequa·

470 4039 570 4106 quam
587 4015 710 4084 faciunt
727 4039 902 4087 numerum
925 4017 1165 4086 ratiocinatum.
1182 4014 1336 4083 Similiter
1353 4016 1380 4082 si
1395 4016 1481 4085 linea
1503 4037 1524 4082 a
1544 4019 1563 4083 b

471 4155 555 4211 esset
570 4144 662 4212 radix
683 4145 767 4233 tertij
787 4146 839 4213 uel
856 4148 938 4213 sexti
957 4143 1063 4218 recisi,
1081 4151 1166 4210 esset
1183 4142 1294 4231 itaque
1313 4142 1502 4234 superficies
1513 4146 1563 4211 de

472 4269 565 4336 radix
577 4270 695 4339 radicis
706 4273 833 4341 numeri
853 4272 962 4338 minus
981 4267 1092 4336 radice
1108 4267 1267 4337 radicum.
1287 4270 1343 4338 Vel
1364 4280 1449 4338 esset
1468 4269 1563 4339 radix

475 4397 593 4465 radicis
607 4400 754 4469 radicum
766 4395 875 4467 minus
892 4398 1001 4467 radice
1019 4400 1161 4477 numeri,
1174 4419 1291 4490 exque
1303 4421 1380 4469 cum
1392 4397 1567 4488 superficie

474 4548 489 4592 c
505 4516 517 4591 l
533 4525 720 4596 nullatenus
738 4538 847 4618 posset
865 4548 1021 4595 numerus
1040 4528 1253 4596 ratiocinatus
1271 4527 1455 4615 prouenire.
1479 4526 1569 4616 Ergo
