4175 5792
1464 702 1506 767 83

405 867 449 932 sit
460 866 569 931 minor
580 884 695 933 eorum
708 886 865 933 numerus
880 887 914 942 a,
932 865 1092 932 maximus
1107 884 1262 930 numerus
1278 866 1299 929 I
1303 914 1310 938 ,
1329 874 1430 952 equot
1450 885 1504 930 su·

410 989 700 1083 perhabuuditbrb)
722 989 730 1080 Ι
749 995 933 1059 numerusI
944 986 1115 1058 numerum
1128 993 1159 1067 d,
1172 1001 1220 1056 tot
1231 988 1501 1080 superhabundat
1533 997 1638 1043 [οὗ-Μ

408 1140 566 1185 numerus
589 1122 796 1186 daumerum
817 1141 846 1185 a.
869 1118 1043 1192 Similiter,
1060 1131 1141 1206 quot
1156 1114 1427 1205 superhabundat
1444 1137 1504 1182 nu-

411 1266 555 1314 merusz
572 1267 746 1314 numerum
765 1251 800 1324 d,
819 1258 866 1313 tot
888 1244 1156 1336 superhabundet
1174 1248 1369 1312 numerusd
1390 1266 1504 1312 nume

412 1395 488 1440 rum
514 1375 541 1439 b.
564 1374 688 1441 Rursus
711 1384 793 1463 quot
822 1372 1091 1462 superhabundat
1114 1392 1303 1440 numerose
1327 1392 1502 1438 numerum

410 1503 442 1576 d,
463 1508 512 1566 tot
534 1499 802 1588 superhabundet
826 1522 983 1568 numerus
1006 1501 1217 1568 dnumerum
1240 1523 1270 1584 p.
1290 1501 1370 1566 Dico
1392 1499 1419 1564 si
1443 1497 1504 1566 du-

410 1637 507 1694 eatur
524 1628 547 1693 d
561 1628 595 1694 in
607 1647 781 1694 numerum
797 1626 1240 1694 multitudinisnumerorum
1255 1647 1289 1702 u,
1308 1630 1336 1700 b,
1346 1646 1378 1713 9,
1391 1628 1466 1702 ess,
1481 1630 1502 1701 ι’,

412 1754 582 1843 proueniat
604 1775 734 1820 summa
757 1754 903 1843 ipsomm
922 1754 1069 1820 omnium
1093 1772 1326 1828 numerorum,
1352 1751 1441 1842 quod
1460 1753 1506 1818 sio

413 1879 593 1968 probatur:
618 1882 761 1947 minvam
791 1880 923 1970 quidem
946 1902 986 1946 ex
1012 1901 1149 1947 numero
1172 1883 1192 1947 1
1214 1878 1507 1968 superhabundan-

364 2085 366 2089 .
413 2008 513 2083 tiam,
537 2028 636 2094 quam
673 2005 772 2075 habet
795 2008 837 2075 ad
872 2029 1046 2074 numerum
1081 2008 1121 2084 d,
1145 2006 1330 2095 addamque
1353 2027 1426 2074 eam
1450 2027 1510 2073 nu-

414 2152 506 2200 mero
528 2154 568 2210 a,
591 2135 653 2200 erit
670 2137 895 2224 unusquisque
916 2155 1127 2202 numerorum
1151 2155 1189 2214 a,
1207 2137 1228 2199 I
1246 2133 1372 2222 equalis
1394 2155 1507 2200 numa-

414 2281 452 2328 ro
473 2263 516 2342 d,·
535 2262 624 2351 quod
651 2263 750 2329 etiam
779 2263 897 2330 faciam
919 2284 958 2329 ex
981 2262 1127 2328 numeris
1150 2284 1170 2328 z
1194 2262 1211 2324 b
1239 2271 1271 2326 et
1294 2282 1310 2326 e
1333 2283 1367 2342 p,
1390 2259 1507 2326 eterit

413 2391 641 2480 unusquisque
673 2411 788 2458 eorum
810 2391 948 2480 ¹equalis
982 2410 1120 2456 numero
1143 2394 1172 2454 d.
1196 2389 1304 2467 Quare
1325 2397 1407 2476 quot
1430 2399 1507 2453 sunt

413 2519 542 2586 numeri
563 2542 594 2596 o,
619 2523 647 2595 b,
670 2542 700 2603 p,
716 2541 746 2594 e,
767 2543 797 2595 z,
820 2522 842 2594 i,
868 2530 916 2585 tot
939 2520 1065 2586 numeri
1082 2518 1215 2608 equales
1231 2536 1369 2583 numero
1392 2520 1508 2582 dsunt

416 2648 450 2711 in
471 2667 601 2714 summa
620 2649 859 2716 coniunctionis
877 2667 1089 2715 numerorum
1108 2667 1137 2723 a,
1162 2649 1190 2722 b,
1211 2668 1243 2733 p,
1267 2667 1295 2721 e,
1318 2668 1349 2720 s,
1372 2648 1393 2719 i,
1417 2644 1505 2734 quod

417 2771 593 2859 oportebat
615 2773 794 2841 ostendere.
1355 2773 1358 2777 ’

482 2903 631 2970 Invenire
656 2925 844 2984 numerum,
868 2924 935 2993 quo
970 2902 1082 2970 addito
1104 2922 1203 2990 super
1225 2901 1423 2990 quadratum
1447 2922 1507 2967 uu-

416 3052 570 3108 merum,
603 3042 635 3098 et
663 3030 824 3097 diminuto
847 3030 889 3099 ab
921 3032 1011 3120 ipso,
1037 3031 1134 3098 iaciat
1157 3051 1286 3120 semper
1308 3030 1506 3120 quadratum

415 3180 612 3238 numerum;
635 3167 668 3223 et
689 3158 736 3223 sio
765 3169 893 3245 oportet
925 3167 990 3223 tres
1011 3157 1191 3246 quadratos
1211 3168 1244 3225 et
1266 3178 1369 3224 unum
1392 3176 1505 3222 nume-

414 3308 492 3353 rum
514 3286 684 3361 inuenire,
707 3304 775 3374 quo
789 3304 927 3352 numero
943 3284 1055 3353 addito
1070 3306 1168 3372 super
1188 3284 1346 3350 minorem
1364 3281 1507 3370 quadra·

417 3425 512 3489 tum,
534 3413 611 3481 facit
633 3412 833 3501 quadratum
859 3411 1050 3480 secuudum.
1075 3413 1179 3501 Super
1200 3411 1347 3501 quamsi
1369 3408 1510 3476 addatur

416 3537 504 3606 idem
520 3561 676 3607 numerus
690 3589 697 3616 ,
713 3539 790 3605 facit
807 3538 1005 3626 quadratum
1024 3540 1171 3618 tertium,
1190 3538 1253 3607 hoo
1268 3549 1317 3607 est
1333 3538 1511 3613 maiorem,

418 3675 453 3734 et
475 3667 522 3733 sio
544 3664 656 3733 addito
680 3667 750 3755 ipso
773 3687 910 3733 numero
926 3688 1025 3755 super
1040 3668 1222 3735 secuudum
1246 3666 1459 3757 quadratum,
1477 3674 1510 3732 et

417 3790 583 3860 diminuto
598 3803 603 3808 ’
617 3794 687 3882 ipso
713 3793 757 3860 ab
786 3793 916 3872 eodem,
944 3793 1020 3860 iacit
1042 3816 1170 3883 semper
1188 3794 1397 3884 quadratum.
1421 3793 1508 3871 Quo-

417 3922 507 3987 niam
523 3921 674 4009 quadrati
691 3923 820 3989 numeri
836 3942 950 3991 omnes
965 3921 1114 3991 ordinate
1133 3923 1312 3992 ascendunt
1329 3944 1388 4012 per
1407 3920 1510 3987 conti-

418 4067 521 4114 nuam
544 4049 767 4117 ascensionem
784 4048 958 4138 imparium
973 4071 1205 4128 numerorum,
1227 4051 1289 4118 erit
1308 4049 1414 4115 minor
1428 4066 1510 4135 qua·

419 4174 534 4243 dratus
556 4197 687 4243 summa
718 4178 826 4268 aliqua
862 4179 1038 4268 imparium
1073 4200 1284 4246 numerorum
1319 4175 1362 4242 ab
1385 4174 1510 4240 unitate

419 4316 646 4391 acceptorum,
662 4327 873 4395 superquam
891 4306 1088 4396 quadratum
1106 4307 1298 4396 proponitur
1314 4302 1434 4370 addere
1449 4323 1508 4368 nu-

421 4454 569 4510 merum,
592 4444 625 4501 et
643 4432 712 4500 fieri
728 4433 927 4521 quadratum
943 4433 1144 4509 seeundum,
1169 4432 1225 4520 qui
1241 4430 1423 4520 quadratus
1437 4449 1508 4496 rur-

419 4579 476 4625 sus
498 4571 625 4628 constat
644 4573 676 4628 et
695 4557 760 4652 (sir)
784 4560 893 4649 aliqua
911 4559 1117 4627 multitudine
1137 4561 1312 4649 imparium
1328 4558 1370 4627 ab
1387 4559 1509 4625 unitate
