4175 5792
506 715 548 781 78

501 844 589 932 Ergo
611 840 776 920 solidum,
799 841 889 929 quod
912 839 983 908 fito
1002 843 1148 910 numeris
1164 863 1180 909 e
1198 863 1238 918 z,
1262 863 1283 907 s
1304 845 1336 917 i,
1360 861 1376 906 e
1398 841 1431 915 i,
1455 845 1598 926 equatur

503 967 660 1056 sexcuplo·
679 967 939 1056 quadratorum,
962 970 1019 1058 qni
1042 967 1127 1036 fiunt
1150 967 1194 1037 ab
1216 968 1380 1036 unitateo
1403 973 1476 1037 bet
1499 969 1599 1031 dnu-

502 1097 600 1163 meris
623 1095 699 1181 ὸ9,
722 1119 741 1181 9
765 1097 806 1174 d,
830 1099 853 1164 d
872 1120 907 1174 e,
929 1121 945 1164 e
967 1120 1005 1174 z,
1024 1097 1114 1186 quod
1134 1096 1309 1186 oportebat
1327 1092 1512 1163 ostendere.
1539 1093 1598 1159 Est

501 1226 588 1291 enim
612 1224 695 1291 alius
720 1224 837 1291 modus
861 1247 919 1312 per
941 1246 1040 1314 quem
1060 1245 1236 1313 possumus
1254 1223 1297 1290 ad
1316 1223 1403 1290 idem
1426 1219 1597 1292 deuenire,

504 1352 561 1442 qui
585 1353 617 1418 in
640 1352 854 1443 sequentibus
877 1352 1082 1421 ostendetur.

478 1513 482 1522 ·
570 1478 603 1544 Sr
626 1476 669 1545 ab
686 1478 812 1544 unitate
830 1479 957 1545 numeri
975 1479 1117 1567 impares
1138 1477 1287 1544 ordinate
1308 1483 1539 1564 quotcumque
1552 1471 1601 1540 di-

503 1618 706 1711 sponantur,
730 1606 891 1684 solidum,
926 1607 1016 1696 quod
1040 1605 1076 1672 b't
1106 1610 1126 1674 t
1150 1606 1292 1674 maximo
1315 1623 1432 1670 eorum
1453 1605 1529 1668 etd
1552 1620 1600 1667 se-

503 1743 624 1822 quente
636 1733 753 1822 impari
768 1744 801 1801 et
817 1733 861 1802 ab
875 1754 990 1802 eorum
1007 1733 1205 1823 composito,
1224 1740 1365 1820 equatur
1380 1728 1483 1816 duplo
1502 1727 1510 1818 Ι
1529 1748 1600 1794 sex-

504 1860 592 1950 cupli
611 1862 758 1928 omnium
780 1861 1042 1951 quadratorum,
1066 1861 1221 1952 quibunt
1245 1859 1287 1928 ab
1311 1859 1437 1926 unitate
1459 1860 1530 1923 eta
1552 1854 1600 1921 di·

506 1990 637 2077 opositis
664 1991 818 2058 numeris.
848 1991 919 2058 Sint
946 1991 1080 2081 quidem
1104 1991 1147 2057 ab
1169 1990 1333 2057 unitateo
1355 1991 1372 2053 b
1396 1984 1441 2078 (t)
1468 1987 1597 2053 numeri

507 2128 732 2206 quotcumque
742 2118 890 2206 dispositi
908 2119 1051 2208 impares
1068 2117 1246 2185 ordinatob
1261 2140 1280 2200 9
1295 2167 1302 2193 ,
1317 2117 1388 2200 qd,
1406 2117 1427 2181 d
1444 2136 1481 2190 e,
1505 2123 1601 2180 etse

506 2266 609 2333 quens
623 2245 729 2333 impar
739 2255 810 2312 osto
826 2267 841 2311 e
855 2268 892 2320 z,
908 2245 982 2312 dioo
993 2245 1126 2333 quidem
1139 2242 1282 2310 solidum
1293 2240 1383 2331 quod
1399 2239 1437 2306 fit
1453 2242 1600 2307 dnume

509 2372 553 2439 ris
559 2395 584 2461 p
600 2394 631 2449 e,
642 2394 703 2448 ez,
715 2383 748 2439 et
759 2371 802 2440 ab
813 2393 928 2439 eorum
940 2373 1124 2460 composito
1135 2375 1155 2439 d
1166 2394 1187 2439 z
1197 2371 1311 2460 equari
1323 2369 1425 2457 duplo
1436 2366 1600 2456 sexcupli,

507 2499 571 2565 boe
590 2510 639 2566 est
657 2498 864 2587 duodeouplo
882 2520 1010 2565 summe
1029 2497 1282 2586 quadratorum,
1299 2496 1355 2584 qui
1372 2494 1455 2563 fiunt
1470 2495 1515 2562 ab
1530 2493 1601 2561 uni·

509 2636 576 2693 tate
594 2649 615 2692 o
632 2629 663 2702 b,
675 2623 913 2712 etddispositis
926 2623 1100 2691 numerisb
1115 2647 1149 2708 9,
1168 2625 1233 2707 pd,
1250 2624 1307 2689 de.
1324 2623 1516 2689 Sum'matur
1533 2618 1599 2711 (oio)

509 2754 642 2844 quidem
660 2777 700 2820 ex
718 2773 883 2820 numeroe
898 2774 916 2817 z
933 2773 1089 2819 numerus
1106 2756 1145 2818 ei
1164 2751 1290 2841 equalis
1306 2749 1478 2817 numerod
1494 2771 1520 2815 e.
1539 2748 1603 2816 erit

510 2904 588 2973 ergo
607 2903 764 2950 numerus
781 2884 794 2946 i
810 2905 830 2949 z
849 2881 925 2949 duo.
950 2879 1131 2947 Ostendam
1151 2881 1242 2968 prius
1263 2878 1427 2954 solidum,
1451 2876 1544 2966 qnod
1567 2875 1603 2943 iit
1650 2920 1656 2935 ,

510 3015 531 3077 a
548 3011 693 3077 numeris
707 3032 727 3093 9
739 3009 780 3086 d,
795 3010 817 3076 d
833 3031 862 3086 e,
878 3019 1040 3076 eteorum
1057 3007 1240 3096 composito
1258 3030 1277 3091 9
1293 3027 1325 3081 e,
1344 3026 1421 3073 eum
1432 3003 1603 3071 duodeou·

507 3137 562 3226 plo
578 3136 730 3227 quadrati
745 3136 803 3225 qui
822 3134 859 3201 fit
879 3140 900 3202 d
918 3156 1056 3203 numero
1071 3137 1093 3202 d
1109 3159 1140 3214 e,
1161 3134 1277 3224 equale
1295 3155 1366 3201 esse
1384 3130 1491 3199 solido
1511 3130 1604 3222 quod

508 3264 830 3336 fitanumerisde.
854 3287 925 3341 ez,
949 3265 1020 3331 dz.
1044 3265 1091 3330 Sit
1111 3261 1438 3352 itaquenumerusd
1455 3259 1601 3333 eradit,

508 3393 570 3460 erit
590 3415 668 3482 ergo
683 3387 841 3462 numerus
858 3419 877 3481 9
894 3396 916 3461 d
932 3394 1145 3461 radixminus
1163 3391 1315 3468 duobus,
1335 3402 1368 3458 et
1385 3400 1475 3457 totus
1492 3411 1602 3457 cume

507 3518 568 3584 erit
586 3519 650 3586 due
669 3520 795 3589 radices
814 3525 923 3590 minus
941 3522 1081 3589 duobus.
1105 3523 1214 3600 Quare
1232 3543 1272 3588 ex
1291 3520 1428 3606 duotnp
1447 3522 1468 3586 d
1487 3519 1519 3585 in
1542 3522 1565 3585 d
1587 3540 1604 3583 e

509 3646 660 3732 prouenit
687 3647 884 3734 quadratus,
913 3648 1043 3717 duabus
1072 3647 1237 3716 radicibus
1258 3647 1416 3735 exeeptis,
1438 3646 1530 3736 quod
1553 3654 1604 3713 to·

510 3783 580 3841 tum
604 3774 631 3840 si
654 3774 795 3841 ducatur
823 3776 857 3842 in
886 3799 1097 3860 numerump
1121 3798 1158 3852 e,
1184 3775 1246 3843 boe
1264 3783 1313 3842 est
1341 3777 1372 3840 in
1403 3774 1487 3842 duas
1513 3772 1605 3841 radi·

509 3923 578 3978 oes,
602 3902 732 3970 duabus
761 3904 944 3972 unitatibus
972 3904 1162 3978 diminutis,
1197 3902 1389 3990 provenient
1422 3900 1490 3968 duo
1525 3900 1605 3968 oubi

509 4034 657 4108 numeri,
681 4043 713 4099 et
733 4040 800 4099 untr
815 4032 940 4101 radices
961 4034 1069 4098 minus
1086 4051 1142 4098 sex
1156 4029 1348 4120 quadratis,
1364 4030 1486 4119 quibus
1501 4030 1530 4096 si
1546 4027 1606 4095 ad·

508 4159 606 4227 datur
628 4158 872 4247 duodeouplum
895 4159 1071 4249 quadrati,
1094 4160 1151 4248 qui
1172 4156 1208 4223 fit
1229 4162 1249 4224 a
1272 4156 1382 4225 radice
1405 4157 1480 4233 de,
1504 4164 1606 4222 erunt

514 4286 580 4354 duo
613 4286 691 4355 oubi
723 4297 756 4353 et
778 4308 834 4353 sex
866 4285 1020 4375 quadrati
1049 4296 1080 4352 et
1109 4293 1176 4351 11110‘
1200 4282 1335 4352 radices.
1359 4285 1486 4351 Rursus
1518 4302 1606 4372 quo·

513 4416 598 4482 niam
620 4417 670 4483 de
687 4427 736 4483 est
752 4415 866 4493 radix,
884 4415 945 4482 erit
964 4435 1121 4482 numerus
1137 4434 1154 4479 e
1170 4415 1183 4480 i
1200 4413 1347 4480 similiter
1367 4410 1471 4479 radix.
1491 4411 1606 4489 Quare

582 4581 614 4643 (t)
630 4581 694 4632 Vedi
711 4582 761 4645 rig.
779 4581 818 4633 22.
