4175 5792
1443 712 1477 776 8t

394 872 417 917 a
436 873 479 938 9,
502 864 535 919 et
558 852 620 919 hoc
644 861 747 918 totum
770 853 970 942 producatur
989 854 1021 918 in
1042 873 1213 920 numerum
1237 853 1318 940 dy,
1344 852 1487 942 egredie-

396 989 453 1044 tur
474 1000 650 1056 numerus,
674 980 768 1047 cuins
791 981 954 1070 nigerrima
976 990 1093 1069 quarta
1118 1001 1214 1067 pars,
1240 979 1302 1049 hoc
1320 991 1369 1048 est
1395 983 1489 1047 tertia

396 1114 536 1183 octaua„
559 1081 611 1173 uei
633 1119 751 1196 quarta
769 1119 857 1174 sexte
882 1109 1002 1198 partis,
1021 1109 1082 1174 erit
1099 1110 1233 1197 integra.
1256 1110 1388 1175 Numeri
1412 1109 1488 1196 qui·

397 1231 472 1300 dem
495 1254 516 1300 a
543 1236 611 1298 tet
634 1233 652 1299 b
677 1256 697 1317 q
727 1233 826 1301 ambo
856 1235 997 1322 impares
1020 1247 1117 1309 sunt,
1146 1236 1224 1324 quia
1247 1236 1273 1300 si
1299 1255 1363 1301 non
1381 1246 1489 1300 essent

398 1363 562 1449 impares,
584 1364 785 1451 compositus
806 1386 846 1431 ex
868 1365 915 1430 eis
932 1384 997 1430 non
1016 1374 1101 1430 esset
1119 1384 1199 1450 par3
1219 1384 1279 1430 nec
1295 1363 1393 1429 ambo
1413 1372 1488 1428 sunt

399 1507 515 1575 pares,
538 1488 595 1576 qui
622 1489 649 1555 si
673 1510 767 1578 pares
788 1502 894 1556 essent
924 1489 1043 1564 ambo,
1069 1492 1133 1556 iam
1165 1511 1229 1559 non
1264 1500 1371 1556 essent
1394 1488 1488 1577 primj

400 1613 443 1681 ad
466 1635 501 1680 se
524 1615 673 1697 inuicem.
698 1617 785 1704 Ergo
809 1616 950 1703 impares
974 1627 1050 1682 sunt
1074 1617 1201 1682 numeri
1225 1618 1278 1682 ab
1300 1627 1332 1682 et
1357 1618 1374 1679 t
1400 1637 1429 1698 9.
1453 1615 1494 1679 Et

398 1742 556 1832 quoniam
590 1764 746 1810 numerus
781 1743 842 1809 bd
873 1743 998 1832 equalis
1026 1753 1076 1810 est
1098 1763 1235 1809 numero
1260 1763 1280 1808 a
1305 1744 1343 1817 b,
1374 1741 1494 1829 duplus

1528 1835 1537 1858 .

400 1881 551 1958 asterga
586 1892 786 1937 numerusa
814 1872 835 1937 d
860 1891 998 1937 numero
1020 1894 1040 1937 u
1064 1874 1091 1936 b.
1116 1871 1202 1959 Ergo
1226 1891 1286 1958 par
1309 1880 1357 1935 est
1380 1891 1493 1936 nume·

401 2014 458 2059 rus
479 2015 499 2059 a
523 1996 552 2059 d.
576 1994 661 2082 Ergo
687 1995 829 2084 reliquus
852 1997 908 2082 dy
931 2008 981 2061 est
1001 2016 1081 2082 par,
1104 1996 1182 2083 quia
1201 1995 1227 2058 si
1252 2015 1312 2081 par
1336 2013 1491 2059 numerus

401 2119 568 2187 auferatur
590 2125 609 2187 a
632 2122 725 2209 pari,
751 2145 811 2210 par
834 2134 998 2203 remanet;
1023 2134 1056 2190 et
1079 2123 1158 2211 quia
1182 2083 1338 2188 numards
1360 2121 1382 2185 d
1402 2142 1421 2203 ρ
1443 2130 1492 2186 est

401 2270 484 2338 per,
519 2251 581 2318 erit
613 2271 690 2338 erge
725 2249 882 2317 medietas
905 2251 974 2317 eius
1008 2262 1066 2316 aut
1088 2270 1168 2338 par,
1193 2261 1250 2316 aut
1274 2250 1388 2337 impar.
1413 2249 1491 2314 Esto

402 2378 496 2466 prius
510 2379 635 2467 impar,
655 2377 812 2445 medietas
830 2377 961 2466 quidem
978 2378 1104 2444 numeri
1124 2377 1193 2453 ud,
1213 2376 1335 2443 scilicet
1356 2378 1424 2450 ub,
1444 2383 1493 2439 est

403 2506 519 2594 impar.
542 2506 650 2584 Quare
672 2503 783 2571 addita
806 2503 978 2571 medietate
1001 2505 1126 2571 numeri
1143 2526 1165 2572 u
1181 2505 1203 2570 d
1220 2524 1295 2570 uum
1321 2500 1493 2569 medietate

403 2633 532 2699 numeri
565 2635 588 2700 d
612 2656 648 2721 9,
683 2634 805 2700 scilicet
833 2633 951 2701 additis
980 2631 1110 2700 duobus
1144 2629 1345 2719 imparibus,
1381 2649 1492 2716 parem

404 2758 523 2826 facient
541 2782 712 2827 numerum
728 2785 735 2840 ;
751 2781 829 2848 ergo
846 2761 1003 2828 medietas
1023 2761 1150 2827 numeri
1166 2782 1187 2826 u
1202 2783 1219 2842 9
1235 2731 1283 2826 est
1300 2779 1368 2846 par.
1388 2758 1495 2835 Quare

405 2895 530 2952 totusu
547 2907 565 2969 q
584 2897 633 2953 est
659 2887 779 2975 pariter
804 2909 871 2975 par.
896 2887 985 2955 Vnde
1014 2899 1133 2976 quarta
1152 2886 1223 2953 eius
1248 2907 1323 2973 pars
1346 2894 1395 2951 est
1419 2883 1498 2948 inte-

405 3033 474 3102 gra.
499 3014 608 3092 Quare
638 3036 678 3081 ex
700 3013 802 3082 ductu
822 3015 828 3102 Ι
847 3038 867 3082 a
889 3038 910 3101 9
934 3016 1006 3098 inu
1034 3017 1056 3080 d
1076 3015 1180 3102 surgit
1204 3034 1380 3086 numerus,
1405 3012 1499 3077 cuius

405 3150 525 3206 octaua
549 3161 625 3227 pars
648 3153 697 3208 est
725 3143 857 3231 integra.
886 3140 948 3208 Sed
972 3141 998 3206 si
1022 3139 1179 3206 medietas
1208 3138 1333 3205 numeri
1357 3158 1378 3223 9
1398 3139 1417 3200 d
1441 3155 1500 3222 par

405 3266 489 3340 erit,
514 3287 590 3356 ergo
613 3279 731 3356 quarta
748 3269 818 3335 eius
842 3270 987 3356 integra3
1011 3287 1113 3355 quare
1136 3288 1174 3332 ex
1194 3263 1296 3330 ductu
1315 3262 1337 3327 d
1353 3284 1373 3349 9
1390 3262 1422 3326 in
1440 3282 1460 3327 u
1479 3281 1500 3348 9

407 3395 517 3461 ueniet
548 3417 724 3471 uumerus,
759 3398 853 3463 cuius
876 3408 994 3463 octaua
1018 3416 1093 3482 pars
1121 3404 1170 3459 est
1193 3391 1340 3457 similiter
1366 3390 1499 3477 integra.

406 3522 565 3600 Quare-si
589 3522 679 3611 quod
702 3522 739 3589 fit
775 3546 814 3590 ex
837 3524 938 3591 ductu
961 3546 981 3590 u
1003 3547 1022 3607 9
1045 3523 1187 3590 dueatur
1222 3521 1255 3585 in
1280 3523 1296 3585 b
1317 3539 1359 3606 9,
1382 3529 1414 3585 et
1437 3516 1499 3584 hoc

409 3661 514 3716 totum
532 3651 733 3738 producatur
749 3653 780 3719 in
799 3675 819 3719 a
837 3644 867 3728 d,
887 3654 1058 3740 proueniat
1072 3672 1228 3718 numerus
1246 3700 1254 3725 ,
1270 3650 1363 3715 cuius
1383 3657 1501 3713 octaua
1549 3671 1552 3678 ¹

409 3799 487 3868 pars
510 3780 570 3844 erit
593 3779 726 3869 integra.
751 3781 791 3846 Et
826 3781 981 3869 quoniam
1010 3778 1136 3845 numeri
1160 3799 1180 3842 u
1204 3779 1240 3853 b,
1266 3780 1321 3861 bu
1342 3784 1419 3840 sunt
1443 3773 1501 3836 im-

404 3927 529 3994 ·pareS,
565 3919 622 3974 aut
656 3909 751 3976 tertia
785 3930 861 3995 pars
884 3908 980 3974 unius
1003 3917 1052 3972 est
1076 3907 1222 3993 integra,
1247 3913 1304 3969 aut
1327 3922 1400 3967 non.
1424 3900 1502 3965 Esto

408 4031 502 4120 prius
524 4033 659 4122 integra.
684 4034 792 4112 Quare
813 4056 852 4101 ex
876 4033 978 4100 ductu
1001 4030 1118 4109 solidi,
1142 4029 1230 4118 quod
1255 4029 1292 4094 fit
1314 4033 1333 4096 a
1356 4026 1501 4094 numeris

408 4182 431 4227 a
454 4162 492 4235 b,
516 4162 534 4224 b
554 4180 641 4246 9,u
671 4183 712 4244 q,
744 4162 776 4225 in
807 4182 979 4227 numerum
1009 4162 1030 4224 d
1055 4181 1093 4246 9,
1132 4158 1317 4246 egrediatur
1340 4172 1500 4251 ¹numerus

410 4289 430 4351 it
457 4285 501 4377 (i)
518 4337 527 4360 ,
546 4287 640 4353 cuius
657 4289 751 4353 tertia
772 4309 848 4375 pars
868 4299 917 4353 est
934 4288 1082 4376 integra,
1101 4296 1133 4352 et
1152 4286 1245 4352 cuius
1266 4283 1362 4350 etiam
1383 4290 1502 4345 octaua

411 4436 490 4504 pars
515 4416 667 4483 inuencta
690 4428 738 4483 est
762 4416 894 4503 integra.
924 4416 1011 4503 Ergo
1025 4416 1188 4504 uigexima
1207 4422 1324 4502 quarta
1341 4429 1416 4497 pars
1435 4407 1504 4473 eius

486 4639 519 4698 u,
538 4625 601 4688 vin
620 4638 675 4700 ug.
690 4637 729 4689 at.

1244 4736 1270 4784 u
