4175 5792
1522 739 1585 803 tt7

495 889 644 954 numeris
669 888 811 977 integris.
832 889 874 954 Et
895 883 1066 955 sciendum
1089 886 1178 976 quod
1203 887 1310 952 omnis
1348 886 1454 972 impar
1473 905 1587 950 nume-

496 1035 556 1081 rus
574 1025 625 1082 est
641 1017 829 1105 aggregatio
844 1015 986 1084 duorum
1004 1036 1217 1085 numerorum
1238 1014 1481 1082 continuorum.
1499 1012 1589 1080 Vnde

494 1141 636 1229 quilibet
659 1144 765 1232 impar
800 1165 957 1212 numerus
995 1155 1102 1234 potest
1125 1142 1227 1229 diuidj
1251 1143 1286 1210 in
1312 1141 1395 1210 duos
1429 1161 1585 1208 numeros

495 1271 685 1349 continuos,
706 1282 743 1338 ut
766 1274 797 1339 7.
820 1274 877 1362 qui
896 1272 1056 1341 diuiditur
1080 1273 1121 1339 in.
1143 1274 1176 1338 3.
1195 1284 1228 1339 et
1251 1272 1281 1337 i.

564 1399 652 1466 Nvuc
672 1400 843 1468 ostendero
867 1402 942 1469 uolo
961 1401 1051 1490 quod
1074 1401 1207 1490 quando
1226 1401 1268 1468 de
1287 1400 1398 1490 aliquo
1421 1397 1585 1487 quadrato

495 1544 634 1593 numero
658 1527 816 1595 tolluntur
839 1529 965 1619 aliquot
990 1530 1116 1597 radices
1138 1530 1222 1604 eius,
1246 1540 1278 1597 et
1302 1549 1461 1595 numerus
1497 1528 1582 1614 ipsa-

496 1672 573 1718 rum
595 1653 743 1723 radicum
766 1657 935 1726 diuidatur
959 1658 1096 1726 induas
1120 1667 1244 1746 partes,
1269 1676 1410 1746 quarum
1441 1655 1507 1721 una
1530 1653 1588 1719 ad-

495 1776 555 1844 dat
576 1801 674 1868 super
697 1782 844 1851 alteram.
870 1787 916 1860 l.,
936 1796 969 1852 et
993 1784 1227 1874 multiplicetur
1252 1804 1317 1851 una
1343 1783 1488 1872 ipsarum
1512 1801 1586 1869 par-

497 1908 581 1973 tium
604 1929 662 1997 per
686 1909 800 1987 aliam,
818 1923 850 1979 et
868 1912 957 2001 quod
981 1914 1168 2002 prouenerit
1191 1911 1333 1979 addatur
1356 1932 1432 1979 cum
1456 1908 1586 1977 residuo

495 2035 585 2123 quod
610 2035 652 2103 de
673 2037 837 2127 quadrato
862 2052 1023 2117 remanet,
1049 2039 1217 2108 radicibus
1239 2039 1363 2115 dentis,
1382 2040 1490 2106 veniet
1514 2038 1589 2105 inde

494 2183 654 2231 numerus
687 2177 895 2256 contemptus
931 2168 994 2236 sub
1026 2166 1158 2236 duobus
1187 2162 1333 2236 numeris
1366 2167 1585 2257 inequalibus.

494 2311 640 2380 quorum
661 2295 767 2360 maior
785 2294 886 2362 addit.
907 2299 937 2363 l.
959 2317 1059 2384 super
1082 2296 1251 2362 minorem.
1275 2293 1324 2361 nd
1346 2293 1436 2383 quod
1454 2291 1588 2360 demon·

494 2420 679 2488 strandum.
691 2421 847 2490 Adiaceat
867 2425 874 2513 Ι
894 2434 1099 2512 tetragonum
1115 2443 1135 2488 a
1149 2443 1170 2509 9
1185 2418 1243 2512 (l),
1265 2432 1297 2488 et
1315 2421 1448 2486 tollatur
1462 2417 1526 2510 (sic)
1548 2441 1588 2486 ex
1609 2439 1733 2483 rotroco

495 2566 537 2614 eo
557 2547 682 2637 aliquot
699 2549 826 2618 radices
844 2551 928 2627 eius,
951 2573 1016 2640 que
1039 2549 1166 2617 radices
1182 2549 1346 2617 contineat
1365 2546 1429 2640 (sic)
1450 2545 1586 2637 snperfi·
1628 2519 1630 2523 Ἰ

495 2672 579 2739 ciem
604 2695 668 2758 ορ,
692 2697 796 2764 quare
819 2698 976 2744 numerus
1003 2678 1059 2764 f9
1084 2679 1227 2745 continet
1253 2689 1302 2744 tot
1324 2677 1486 2750 unitates,
1505 2685 1587 2764 quot

495 2799 623 2869 radices
644 2824 684 2869 ex
698 2803 860 2893 quadrato
877 2827 896 2872 o
910 2828 931 2893 9
948 2816 1025 2871 sunt
1043 2807 1075 2870 in
1091 2803 1263 2894 ruperficie
1281 2827 1348 2892 ⁶9,
1363 2815 1395 2871 et
1417 2803 1586 2871 diuidatur

493 2948 651 2995 numerus
671 2930 693 3016 f
704 2951 725 3017 9
747 2931 780 2996 in
803 2930 887 2999 duas
912 2945 1036 3021 partes,
1061 2952 1203 3020 quarum
1228 2931 1332 2997 maior
1358 2929 1459 2997 addat
1480 2933 1510 2996 l.
1530 2951 1586 3008 su·

494 3075 555 3142 per
572 3057 746 3133 minorem,
762 3081 827 3146 que
842 3059 906 3125 sint
920 3060 1000 3146 Μ
1017 3083 1037 3142 9
1051 3111 1058 3136 ,
1075 3069 1109 3126 et
1124 3059 1232 3125 maior
1245 3080 1358 3126 earum
1374 3060 1416 3131 sit
1434 3063 1446 3124 i
1461 3078 1491 3144 9.
1504 3057 1584 3123 Dico

492 3183 583 3274 quod
606 3206 683 3253 cum
720 3186 761 3253 de
783 3187 946 3276 quadrato
969 3209 990 3254 a
1009 3209 1030 3275 9
1050 3187 1174 3255 tollitur
1197 3185 1385 3275 superficies
1400 3155 1426 3252 'e
1446 3209 1484 3270 9,
1509 3185 1585 3252 resi-

492 3312 612 3389 duum,
635 3313 759 3382 scilicet
781 3313 970 3403 superficies
994 3317 1069 3403 af,
1088 3335 1163 3383 cum
1180 3313 1379 3404 superficie,
1398 3336 1463 3403 que
1485 3312 1523 3380 fit
1545 3335 1586 3380 ex

493 3441 600 3529 isin
624 3443 682 3530 i9,
713 3442 791 3511 lacit
818 3465 991 3512 numerum
1016 3444 1139 3511 lactum
1162 3466 1202 3512 ex
1224 3441 1355 3510 duobus
1377 3441 1586 3533 inequalibus

494 3570 665 3646 numeris,
685 3573 828 3660 quorum
852 3573 958 3639 maior
982 3570 1083 3639 addit.
1101 3575 1133 3639 l.
1152 3592 1252 3662 super
1270 3571 1447 3644 minorem,
1465 3579 1499 3636 et
1520 3569 1584 3636 boc

491 3703 543 3760 est
565 3684 606 3761 de
626 3693 789 3784 quadrato
812 3718 832 3763 α
855 3719 873 3779 9
898 3697 1011 3765 tollere
1033 3695 1225 3786 superficies
1248 3717 1264 3762 e
1285 3718 1319 3780 9,
1345 3696 1453 3761 minus
1472 3715 1585 3782 super-

443 3827 445 3830 ’
491 3819 568 3889 licie
589 3844 655 3911 que
675 3821 712 3888 fit
730 3844 770 3890 ex
787 3826 800 3889 i
815 3824 837 3910 f
847 3824 879 3889 in
894 3829 907 3889 i
920 3825 1135 3912 9.,Ponamus
1153 3823 1319 3914 siquidem
1339 3845 1513 3890 numerum
1530 3845 1550 3907 9
1567 3824 1587 3889 it

492 3948 643 4037 equalem
678 3970 814 4017 numero
848 3951 920 4042 ins,
958 3962 991 4018 et
1021 3950 1203 4018 remanebit
1241 3954 1252 4014 i
1289 3955 1310 4016 lt
1341 3971 1463 4026 unum,
1495 3947 1586 4037 quod

491 4076 661 4143 diuidatur
683 4078 716 4143 in
739 4076 823 4144 duas
854 4077 1060 4154 medietates,
1083 4099 1148 4166 que
1172 4088 1249 4143 sunt
1273 4099 1293 4143 z
1313 4080 1345 4154 i,
1364 4099 1385 4141 z
1409 4080 1442 4149 b,
1467 4075 1585 4141 eterit

491 4213 581 4271 totus
595 4210 639 4290 f9
651 4203 777 4271 diuisus
789 4204 822 4270 in
837 4203 903 4271 dno
922 4205 1052 4293 equalia
1065 4226 1164 4294 super
1184 4228 1216 4282 z,
1229 4215 1261 4272 et
1285 4207 1317 4271 in
1334 4203 1400 4270 duo
1419 4202 1584 4291 inequalia

491 4353 591 4422 super
600 4335 621 4398 i.
634 4333 742 4410 Quare
754 4333 983 4420 multiplicatio
992 4334 1012 4419 f
1016 4339 1027 4399 i
1040 4334 1073 4398 in
1089 4337 1101 4399 i
1109 4357 1130 4421 9
1143 4354 1218 4401 cum
1231 4331 1404 4422 quadrato,
1416 4330 1473 4420 qui
1485 4330 1522 4396 lit
1533 4330 1579 4397 ab

567 4604 599 4667 ru
617 4606 682 4656 ven
697 4607 750 4670 rig.
767 4607 806 4658 aa.
