4175 5792
1552 686 1588 750 dl

504 832 615 901 radico
639 839 656 900 9
672 855 707 923 9;
724 855 826 925 quare
844 834 1038 924 quadratus,
1057 836 1115 924 qui
1132 834 1169 901 fit
1184 838 1203 901 a
1221 853 1358 901 numero
1375 836 1392 898 9
1407 854 1442 916 9,
1467 830 1595 898 excedit

503 960 703 1048 quadratum
726 963 783 1051 qui
807 960 843 1026 fit
866 966 885 1029 9
908 982 1046 1029 numero
1069 985 1090 1030 9
1113 967 1145 1040 9,
1176 961 1358 1030 secundum
1382 960 1413 1027 id
1442 961 1532 1050 quod
1556 959 1594 1026 fit

502 1109 543 1155 ex
565 1087 667 1156 ductu
691 1094 751 1174 d9
776 1091 851 1158 ino
870 1113 902 1178 9.
927 1090 989 1157 Sed
1011 1091 1068 1174 d9
1093 1091 1124 1156 in
1149 1111 1205 1178 99
1229 1089 1306 1156 lacit
1330 1111 1503 1156 numerum
1524 1110 1592 1176 99,

503 1235 581 1281 cum
597 1217 620 1282 d
636 1238 657 1304 9
676 1217 718 1282 sit
735 1239 848 1284 uuum.
865 1218 952 1306 Ergo
968 1216 1150 1306 quadratus
1167 1221 1184 1283 9
1204 1241 1223 1301 9
1242 1216 1369 1284 excedit
1380 1215 1591 1305 quadratum,

500 1344 559 1432 qui
581 1343 618 1409 fit
641 1344 722 1411 999
746 1350 776 1421 9,
801 1346 983 1413 secundum
1007 1345 1228 1413 addictionem
1252 1345 1401 1412 radicum
1423 1347 1592 1432 ipsorum,

499 1491 566 1558 que
590 1470 732 1538 addictio
751 1483 800 1539 est
820 1495 976 1540 numerus
991 1495 1011 1539 9
1026 1496 1058 1561 9.
1082 1473 1236 1539 Similiter
1253 1471 1442 1539 ostendetur
1461 1490 1591 1537 omnem

500 1596 700 1685 quadratum
721 1599 878 1668 excedere
901 1620 1031 1668 omnem
1056 1599 1256 1690 quadratum
1276 1599 1438 1665 minorem
1453 1599 1524 1671 sui,
1543 1620 1594 1665 se-

500 1723 647 1791 cundum
659 1725 965 1814 multiplicationem
981 1726 1328 1814 superhabundantiae
1346 1725 1494 1795 radicum
1507 1726 1593 1814 ipso-

501 1871 575 1916 rum
596 1851 629 1917 in
645 1851 864 1920 addictionem
878 1855 1050 1942 utriusque
1064 1853 1194 1920 radicis.
1208 1852 1303 1919 Verbi
1321 1854 1436 1941 gratia,
1453 1854 1517 1918 sint
1528 1852 1593 1919 due

501 1976 627 2045 radices
646 1979 788 2046 duorum
801 1981 1025 2069 quorumlibet
1045 1979 1286 2068 quadratorum
1298 2001 1348 2062 99
1364 1989 1396 2046 et
1412 2001 1431 2063 9
1448 1983 1465 2045 b
1485 1978 1545 2070 (l),
1561 1991 1594 2046 et

499 2106 541 2172 sit
563 2131 582 2190 9
608 2111 625 2172 9
649 2108 754 2175 maior
776 2131 878 2198 quam
900 2132 920 2175 9
944 2133 978 2193 9,
1002 2109 1184 2177 secuudum
1204 2130 1377 2175 numerum
1397 2109 1419 2173 d
1436 2112 1463 2173 9.
1483 2108 1592 2186 Quare

498 2234 727 2322 multiplicatio
751 2257 811 2322 99
841 2237 1040 2312 insenum
1064 2237 1086 2301 d
1109 2240 1134 2300 9
1150 2235 1183 2300 in
1209 2256 1230 2303 9
1258 2239 1290 2311 9,
1314 2245 1455 2324 equatur
1478 2235 1592 2300 multi-

498 2360 667 2449 plicationi
682 2383 703 2450 9
721 2365 738 2426 9
759 2363 791 2427 in
806 2383 854 2442 se;
871 2381 948 2451 ergo
964 2361 1162 2451 quadratum
1180 2362 1238 2451 qui
1258 2361 1294 2426 lit
1315 2383 1334 2428 a
1354 2380 1492 2428 numero
1508 2383 1526 2444 9
1551 2365 1586 2435 9,

498 2489 627 2555 excedit
648 2489 864 2577 quadratum,
888 2490 944 2578 qui
972 2488 1008 2555 fit
1032 2488 1075 2554 ab
1095 2510 1115 2555 α
1138 2510 1171 2571 9,
1191 2489 1223 2553 in
1247 2488 1279 2554 id
1306 2488 1395 2576 quod
1419 2488 1511 2554 radix
1531 2491 1590 2576 99
1650 2481 1651 2484 '

499 2614 628 2682 excedit
651 2616 796 2685 radicem
814 2638 834 2683 9
850 2638 872 2704 9
890 2617 1027 2684 ductum
1044 2618 1079 2682 in
1093 2626 1269 2706 utramque
1289 2616 1447 2694 radicem,
1467 2617 1589 2684 scilicet

497 2741 531 2806 in
556 2739 619 2809 boc
642 2743 730 2832 quod
755 2743 791 2809 fir
812 2766 852 2811 ex
875 2744 977 2812 ductu
1000 2746 1022 2810 d
1044 2748 1062 2809 9
1086 2745 1117 2809 in
1155 2766 1175 2810 9
1205 2747 1241 2818 9,
1271 2743 1360 2832 quod
1394 2745 1589 2832 opportebat

497 2867 680 2936 ostendere.

565 2995 623 3061 Est
645 2996 733 3062 enim
756 2996 840 3062 alius
865 2996 982 3063 modus
1007 2997 1191 3064 inueniendi
1220 2997 1304 3063 duos
1337 2999 1518 3083 quadratos
1542 3001 1588 3064 f-

494 3120 612 3213 tientes
634 3123 850 3189 coniunctum
870 3144 910 3190 ex
929 3125 975 3190 eis
998 3146 1174 3192 numerum
1192 3124 1405 3213 quadratum,
1424 3126 1481 3213 qui
1501 3126 1533 3189 in
1550 3127 1588 3190 x⁰

495 3246 633 3313 euclidis
655 3249 825 3336 reperitur.
851 3249 1031 3317 Adiaceant
1055 3249 1122 3318 duo
1151 3250 1305 3339 quadrati
1338 3252 1466 3316 numeri
1489 3250 1586 3317 simul

496 3358 594 3462 pares
615 3374 670 3442 uel
689 3375 831 3465 impares
854 3398 874 3443 9
893 3380 932 3453 9,
957 3376 1012 3464 99
1040 3375 1106 3469 (2);
1127 3398 1230 3467 quare
1249 3377 1467 3464 compositum
1485 3376 1588 3443 exeis

493 3521 554 3586 99
577 3501 637 3566 erit
653 3480 740 3589 par;
765 3512 797 3568 et
819 3513 889 3569 esto
925 3524 945 3569 9
971 3507 988 3568 9
1011 3504 1118 3569 maior
1139 3524 1240 3593 quam
1266 3505 1283 3567 9
1307 3525 1340 3586 9,
1365 3512 1398 3568 et
1420 3480 1587 3570 diuidatur

441 3644 446 3649 ·
494 3650 514 3695 9
530 3649 551 3714 9
568 3628 600 3693 in
612 3627 678 3694 duo
696 3649 781 3718 equa
796 3629 977 3696 secundum
996 3634 1024 3696 d.
1044 3633 1206 3697 Numerus
1226 3650 1303 3718 ergo
1321 3630 1446 3718 integer
1461 3641 1510 3696 est
1524 3651 1544 3695 o
1556 3632 1585 3704 d,

493 3774 572 3820 cum
588 3754 631 3819 sit
652 3755 808 3822 medietas
826 3757 953 3822 numeri
968 3779 988 3824 9
1005 3779 1035 3844 9.
1060 3759 1102 3823 Et
1121 3768 1268 3824 extracto
1292 3779 1312 3824 9
1335 3760 1355 3822 d
1377 3779 1417 3825 ex
1439 3780 1458 3824 9
1484 3758 1502 3823 9
1525 3780 1585 3823 99-

492 3901 599 3960 mero,
617 3882 799 3949 remanebit
817 3884 839 3948 d
857 3886 874 3947 9
893 3905 1050 3951 numerus
1065 3885 1199 3973 integer.
1216 3886 1258 3950 Et
1277 3885 1434 3973 quoniam
1455 3905 1475 3950 9
1491 3907 1509 3966 9
1526 3905 1585 3948 nu·

491 4030 603 4076 merus
619 4008 745 4075 diuisus
760 4020 810 4076 est
821 4010 982 4098 equaliter
1000 4012 1007 4100 Ι
1026 4021 1059 4077 et
1075 4010 1268 4099 inequaliter
1281 4012 1312 4075 in
1332 4012 1354 4076 d
1372 4013 1403 4087 9,
1420 4010 1482 4076 erit
1498 4007 1582 4074 mul·
1611 4043 1672 4091 99
1687 4055 1741 4081 mn

492 4133 652 4222 tiplicatio
670 4157 692 4203 9
714 4138 732 4199 9
757 4137 788 4201 in
812 4138 865 4222 99
887 4157 964 4203 cum
987 4136 1150 4226 quadrato
1172 4138 1228 4225 qui
1250 4136 1321 4202 fitl
1345 4154 1481 4201 numero
1500 4139 1521 4199 d
1543 4137 1580 4205 9,

565 4371 598 4430 lt)
616 4370 680 4419 vert
699 4371 754 4432 th.
768 4371 807 4419 rr.

565 4469 597 4531 (9)
615 4469 678 4518 vert
698 4470 749 4531 ug.
769 4470 807 4519 ra.
