4175 5792
499 687 540 752 32

497 834 673 902 secundam
698 837 783 901 sieut
806 837 826 901 3
860 845 909 900 est
936 833 977 900 ad
1003 833 1044 908 1,
1067 854 1169 922 quare
1199 831 1445 922 multiplicando
1473 834 1593 910 sunt}

496 962 593 1027 unius
627 961 672 1027 rei
696 961 803 1028 minus
825 961 846 1028 3
869 981 927 1049 per
951 962 993 1033 1,
1026 968 1058 1027 et
1082 979 1179 1025 suma
1202 955 1377 1024 diuidenda
1400 966 1450 1023 est
1473 977 1533 1045 per
1558 958 1590 1022 3.

494 1091 575 1156 Nam
599 1111 639 1157 ex
662 1089 931 1178 multiplicatione
955 1088 995 1156 de
1020 1091 1039 1154 1
1065 1090 1134 1170 in}
1164 1088 1263 1154 unius
1288 1086 1331 1154 rei
1356 1087 1465 1152 minus
1488 1089 1508 1152 3
1534 1107 1593 1154 ue·

495 1217 589 1285 niunt
607 1219 622 1299 ξ
640 1219 737 1285 unius
757 1218 804 1284 rei
825 1218 932 1285 minus
956 1219 1020 1294 12,
1044 1216 1168 1305 quibus
1190 1215 1304 1282 diuisis
1326 1236 1384 1304 per
1406 1217 1426 1280 3
1452 1214 1592 1280 ueniunt

495 1347 630 1426 {unius
653 1346 700 1413 rei
724 1347 833 1412 minus
857 1347 893 1424 43
917 1357 950 1413 et
974 1344 1045 1412 ideo
1070 1345 1164 1434 posui
1184 1347 1198 1423 ξ
1220 1343 1336 1429 sub},
1359 1343 1591 1431 etisuper3

494 1476 608 1566 positis
627 1476 796 1563 superii.
817 1475 942 1540 Rursus
960 1473 1038 1562 quia
1058 1472 1174 1539 tertius
1190 1493 1347 1539 numerus
1371 1491 1447 1537 cum
1471 1471 1591 1560 quinta

495 1614 587 1691 parte
611 1602 707 1691 primi
730 1611 762 1667 et
785 1599 920 1666 secundi
947 1600 1074 1666 numeri
1096 1604 1200 1686 surgit
1224 1600 1256 1663 in
1275 1600 1333 1673 19,
1356 1598 1383 1663 si
1399 1596 1441 1664 de
1457 1598 1591 1678 {unius

452 1756 456 1773 *
494 1732 560 1804 rei,
584 1738 616 1796 et
638 1727 679 1794 de
702 1729 745 1793 11
768 1725 959 1793 auferantur
993 1728 1052 1802 19,
1075 1725 1291 1793 remanebunt
1315 1746 1372 1814 pro
1395 1732 1410 1805 1
1433 1726 1532 1814 primi
1556 1737 1589 1793 et

494 1856 628 1925 secundi
663 1857 789 1923 numeri
812 1860 828 1936 ξ
852 1855 949 1922 unius
983 1834 1027 1921 rei
1058 1855 1166 1920 minus
1194 1859 1235 1931 5,
1268 1866 1301 1921 et
1324 1853 1396 1921 ideo
1419 1875 1520 1943 super
1544 1855 1587 1919 19

493 1985 586 2073 posui
603 1987 624 2050 5
638 2033 645 2059 ,
662 1994 694 2051 et
709 1983 773 2050 sub
787 1985 803 2064 1
819 1983 912 2071 posui
931 1988 955 2062 1.
972 1985 1013 2050 Et
1028 1984 1107 2072 quia
1121 2003 1197 2050 eum
1218 1982 1259 2049 de
1275 1981 1386 2070 aliqua
1400 1980 1588 2069 quantitate

489 2109 674 2180 extrahitur
695 2111 810 2200 quinta
834 2132 931 2199 pars,
963 2109 1042 2176 illud
1067 2110 1156 2199 quod
1191 2110 1374 2178 extrahitur
1394 2119 1444 2176 est
1466 2117 1587 2197 quarta

494 2259 570 2328 pars
594 2238 722 2306 residui.
757 2237 835 2306 Ideo
867 2260 966 2329 super
992 2240 1034 2329 {l
1054 2241 1152 2308 unius
1181 2242 1225 2307 rei
1260 2240 1368 2304 minus
1391 2242 1411 2305 5
1435 2236 1588 2305 addenda

491 2377 541 2434 est
562 2376 679 2455 quarta
703 2387 779 2455 pars
802 2386 917 2433 eorum
941 2388 1041 2456 super
1065 2370 1172 2456 ipsas,¹
1191 2367 1280 2456 quud
1300 2365 1337 2431 fit
1353 2387 1430 2432 cum
1452 2364 1586 2445 {unius

491 2497 535 2563 rei
550 2496 656 2561 minus
673 2494 966 2582 5multipiicantur
977 2516 1035 2583 per
1051 2499 1085 2570 5,
1104 2507 1136 2563 et
1152 2517 1282 2562 summa
1301 2492 1460 2562 diuiditur
1475 2514 1534 2582 per
1547 2493 1584 2566 1,

489 2634 521 2689 et
555 2623 601 2688 sic
636 2621 846 2701 habuimus}
874 2624 918 2688 rei
955 2623 1100 2709 minus}
1129 2627 1149 2691 6
1174 2644 1232 2713 pro
1266 2625 1452 2712 quantitate
1487 2624 1584 2712 primi

489 2760 522 2816 et
544 2748 678 2816 secundi
698 2751 844 2826 numeri,
860 2772 924 2839 que
939 2754 955 2835 ξ
972 2753 993 2817 6
1012 2753 1117 2839 posite
1140 2761 1216 2818 sunt
1236 2752 1387 2839 superius
1409 2770 1508 2847 spper
1525 2753 1584 2825 19,

490 2884 522 2941 et
543 2876 558 2953 ξ
580 2874 643 2941 sub
665 2877 700 2954 ξ,
723 2877 826 2943 etsie
849 2898 888 2943 ex
922 2874 985 2943 hae
1018 2877 1206 2944 inuentione
1230 2877 1330 2944 habui
1356 2896 1414 2965 pro
1436 2877 1584 2943 secundo

491 3011 523 3067 et
539 3002 634 3068 tertio
654 3023 791 3069 numero
809 3024 876 3070 rem
893 3055 899 3076 ,
916 3014 949 3069 et
967 3023 1026 3089 pru
1044 3004 1140 3071 tertio
1160 3014 1192 3071 et
1212 3004 1319 3092 primo
1335 3001 1436 3069 habui
1454 3005 1470 3083 ξ
1485 3004 1584 3070 unius

489 3130 534 3196 rei
559 3130 667 3196 minus
698 3130 738 3205 1,
762 3141 795 3198 et
818 3152 877 3220 pro
912 3132 1018 3218 primo
1041 3143 1073 3198 et
1107 3131 1252 3198 seeundo
1274 3151 1412 3198 numero
1433 3134 1449 3212 ξ
1472 3131 1584 3197 minus

487 3260 502 3344 1
538 3259 580 3332 6,
614 3257 736 3347 quibus
774 3260 927 3327 omnibus
966 3261 998 3325 in
1033 3280 1134 3325 unum
1173 3261 1370 3349 congregaui
1407 3260 1583 3347 superius,

488 3393 521 3450 et
544 3381 690 3462 habuit}
713 3385 811 3451 unius
830 3385 875 3452 rei
899 3386 1039 3471 minus}
1067 3388 1124 3461 10,
1148 3386 1236 3475 quod
1261 3387 1321 3454 fuit
1342 3385 1458 3474 equale
1476 3384 1583 3473 duplo
1661 3454 1664 3461 ,

488 3532 582 3596 sume
603 3509 668 3603 (sie)
694 3514 840 3600 ipsorum
866 3516 965 3582 trium
989 3535 1223 3586 numerorum.
1243 3535 1318 3582 eum
1343 3515 1375 3579 in
1406 3515 1477 3601 ipsa
1501 3535 1582 3581 con·

490 3637 677 3725 gregatioue
691 3642 917 3728 unusquisque
936 3641 1081 3730 ipsorum
1101 3643 1199 3708 trium
1211 3660 1422 3708 numerorum
1439 3640 1581 3709 bisson-

489 3773 624 3852 putatus
639 3764 696 3840 fit,
712 3777 745 3832 et
763 3765 837 3833 ideo
858 3767 998 3835 mediani
1019 3769 1198 3858 prescripta
1214 3774 1245 3847 t}
1262 3768 1358 3835 unius
1377 3769 1423 3835 rei
1440 3769 1551 3836 minus
1565 3774 1581 3857 ἦ

490 3894 554 3969 10,
577 3902 610 3961 et
632 3892 732 3961 habui
755 3899 786 3975 ἕξ
809 3897 907 3962 unius
931 3897 976 3964 rei
998 3899 1106 3964 minus
1126 3900 1143 3975 1
1166 3899 1186 3963 5
1209 3916 1268 3984 pro
1289 3899 1473 3985 quantitate
1493 3898 1581 3986 ipso·

490 4041 561 4087 rum
583 4021 682 4088 trium
706 4043 939 4098 numerorum,
963 4021 1003 4089 de
1025 4022 1148 4112 quibus
1162 4021 1266 4089 abieci
1286 4023 1450 4113 integrum
1472 4044 1577 4091 unum

488 4168 547 4237 pro
572 4171 606 4216 re
631 4170 718 4226 una,
743 4158 968 4217 remanserunt
990 4153 1022 4230 ἐξ
1043 4150 1141 4216 unius
1163 4153 1233 4224 rei,
1256 4162 1388 4240 quaest
1409 4152 1579 4240 quantitas

489 4275 623 4342 secundi
647 4287 679 4343 et
705 4277 790 4364 tertij
816 4278 944 4343 numeri
972 4277 1116 4354 minus}
1142 4279 1162 4343 5
1192 4298 1251 4366 pro
1274 4279 1458 4367 quantitate
1480 4279 1577 4367 primi

489 4406 626 4470 numeri.
642 4405 746 4493 Super
761 4403 851 4493 quod
871 4402 981 4469 addidi
1001 4405 1130 4470 tertiam
1149 4416 1276 4492 partem
1294 4409 1360 4481 rei.
1380 4417 1412 4473 et
1431 4404 1580 4489 habui?t

489 4529 585 4596 unius
608 4533 650 4597 rei
686 4532 794 4598 minus
817 4533 833 4608 1
856 4533 897 4608 5,
921 4553 985 4619 que
1018 4541 1182 4620 equantur
1208 4534 1252 4600 11
1286 4532 1395 4601 addidi
1418 4553 1495 4621 ergo
1516 4535 1580 4611 {5
