4175 5792
1472 712 1512 776 17

374 863 523 953 pradiota
546 866 579 930 16
601 868 663 940 55,
687 867 828 941 61165,
852 877 884 932 61
907 866 1092 934 diuidemus
1112 870 1154 934 55
1179 887 1234 954 per
1254 869 1311 939 10,
1335 866 1466 933 6661661

374 989 527 1057 columbe
548 993 562 1070 l
586 996 629 1068 5,
651 1003 682 1058 et
706 991 890 1059 diuidemus
921 997 940 1060 5
964 1016 1022 1082 per
1047 998 1088 1069 1,
1113 994 1244 1060 6661661
1269 1002 1411 1057 turtures
1436 993 1465 1055 5.

375 1120 538 1186 Extractis
572 1121 682 1208 itaque
715 1121 877 1187 columbis
905 1124 1017 1201 1561
1052 1121 1236 1188 turturibus
1267 1123 1286 1185 5
1320 1118 1360 1185 de
1396 1117 1465 1184 aui·
1543 1194 1548 1205 Ι

376 1246 440 1314 bus
459 1247 466 1336 Ι
487 1249 530 1313 15
546 1248 762 1314 remanebunt
786 1252 1007 1338 6666616611,
1028 1271 1170 1338 quorum
1187 1249 1326 1336 pretium
1344 1255 1393 1313 661
1410 1244 1465 1312 de·
1495 1259 1525 1304 11·
1536 1262 1554 1293 ¹⁶
1564 1263 1613 1294 rue

376 1375 513 1440 nariusl
543 1386 575 1443 et
596 1376 713 1454 semis,
736 1387 768 1443 et
791 1380 932 1466 pretium
953 1383 972 1445 5
991 1389 1156 1446 turturum
1175 1389 1224 1444 est
1246 1376 1368 1461 denarij
1394 1377 1411 1453 1
1433 1375 1464 1448 u,

376 1511 409 1566 et
431 1501 571 1588 pretium
597 1476 825 1570 columbarum
848 1508 904 1584 15
926 1517 975 1572 est
1001 1505 1123 1592 denarij
1150 1508 1184 1571 11
1203 1554 1210 1580 ,
1233 1502 1332 1569 61616
1355 1523 1394 1567 ex
1418 1498 1467 1566 bis

377 1626 483 1693 tribus
497 1629 670 1716 generibus
685 1632 981 1718 auium„.habentur
999 1654 1078 1700 aues
1098 1635 1141 1699 l5
1162 1652 1220 1719 pro
1237 1628 1387 1714 denarijs.
1413 1629 1466 1692 15.

444 1757 491 1821 Er
505 1757 532 1822 si
550 1758 703 1825 uolumus
719 1756 840 1826 habere
853 1782 931 1827 aues
948 1764 990 1827 15
1007 1780 1066 1849 pro
1083 1760 1224 1845 denarijs
1240 1761 1293 1831 16,
1310 1755 1372 1822 boo
1389 1756 1468 1820 inte-

378 1882 511 1970 graliter
534 1886 675 1972 poterit.
699 1887 777 1974 quia
795 1887 949 1953 extractis
967 1886 1108 1973 denarijs
1126 1889 1162 1959 5,
1189 1885 1310 1951 scilicet
1327 1859 1467 1972 pretium

379 2029 546 2094 passerum
564 2011 621 2088 l5,
636 2011 677 2078 de
695 2011 837 2100 denarijs
854 2017 909 2090 16,
929 2024 1097 2080 remanent
1111 2014 1233 2100 (166616Ι
1248 2015 1302 2086 ll,
1322 2011 1466 2099 quisunt

378 2151 468 2203 sexte
488 2141 545 2214 66,
564 2137 684 2226 6611166
695 2132 816 2203 diuisis
830 2138 863 2202 in
879 2141 922 2204 60
940 2140 1020 2205 etin
1037 2143 1073 2216 5,
1089 2139 1254 2206 diuidetur
1266 2139 1308 2203 60
1329 2136 1468 2224 integra·

377 2263 451 2330 liter
470 2285 528 2352 per
546 2267 603 2340 10,
619 2278 651 2332 61
670 2268 689 2331 6
707 2287 764 2352 per
784 2271 796 2333 1
813 2316 820 2342 ,
837 2277 923 2332 etex
941 2268 1018 2353 ipsis
1033 2265 1250 2331 diuisiouibus
1265 2265 1395 2331 uenient
1414 2281 1469 2327 66-

376 2392 490 2459 lumbe
509 2396 530 2459 6
549 2406 581 2460 61
597 2405 740 2461 turtures
759 2397 795 2469 6,
816 2395 938 2484 relique
959 2417 1032 2483 que
1040 2406 1116 2460 6661
1136 2416 1239 2484 usque
1258 2394 1290 2458 16
1313 2395 1369 2468 15,
1385 2390 1470 2456 66111-

378 2533 430 2587 cet
449 2523 485 2596 3,
505 2533 581 2588 6661
597 2544 757 2609 passeres,
773 2534 805 2589 et
828 2525 874 2589 sic
893 2544 1067 2611 possumus
1086 2525 1118 2589 in
1137 2523 1289 2589 omuibus
1307 2519 1468 2586 similibus

377 2650 518 2737 operari.
531 2651 593 2717 Sed
610 2663 645 2717 ut
663 2673 702 2717 ea
717 2673 781 2740 que
800 2652 866 2718 dixi
886 2651 1040 2740 liquidius
1056 2653 1214 2739 sapientia
1230 2660 1340 2717 uestra
1356 2647 1471 2713 intelli-

377 2788 444 2864 gat,
457 2778 554 2844 aliam
566 2777 752 2845 huiusmodi
767 2800 947 2868 proponam
961 2778 1336 2868 questionemvidelicet
1348 2788 1385 2841 ut
1398 2795 1469 2864 pas-

377 2925 467 2971 seres
483 2907 503 2971 3
518 2904 636 2972 dentur
652 2926 710 2993 pro
727 2927 792 2972 666
808 2907 957 2983 denario,
973 2918 1006 2974 et
1023 2906 1176 2973 columba
1193 2907 1301 2973 ualeat
1320 2904 1471 2971 denarios

378 3033 415 3108 2,
434 3043 467 3099 61
490 3032 602 3122 perdix
625 3034 733 3100 ualeat
752 3033 902 3100 denarios
926 3037 959 3109 3,
980 3045 1012 3100 61
1032 3035 1108 3100 6616
1128 3056 1168 3101 ex
1186 3032 1236 3101 bis
1253 3034 1358 3100 tribus
1377 3053 1472 3121 gene·

381 3157 472 3223 ribus
492 3160 602 3225 auium
622 3180 701 3225 aues
712 3161 753 3225 30
767 3179 826 3247 pro
837 3159 978 3246 denarijs
995 3162 1037 3225 30
1055 3159 1184 3226 habere.
1205 3159 1383 3225 Extraham
1401 3158 1472 3245 661-

378 3283 454 3351 dem
465 3287 653 3373 supradicto
671 3286 767 3353 modo
787 3287 828 3367 de
846 3288 987 3375 denarijs
1007 3291 1049 3354 30
1069 3290 1209 3377 pretium
1228 3310 1395 3377 passerum
1415 3289 1467 3361 30,

379 3411 467 3500 quod
481 3425 529 3479 est
549 3416 605 3491 10,
627 3414 843 3480 remanebunt
859 3414 983 3502 denarij
1002 3417 1060 3490 20,
1078 3435 1161 3503 quos
1178 3414 1333 3490 seruabo,
1349 3426 1380 3481 et
1401 3437 1471 3480 rnu-

380 3539 458 3605 tabo
482 3563 585 3607 unum
610 3565 649 3617 ex
665 3542 852 3630 passeribus
869 3545 901 3608 16
920 3544 1132 3620 columbam,
1154 3554 1186 3609 61
1205 3545 1265 3609 erit
1289 3543 1469 3610 melioratio

376 3667 532 3734 denarius
549 3675 567 3750 ξ
583 3674 617 3746 1,
638 3670 760 3737 66111661
777 3672 797 3735 5
813 3672 907 3736 tertie
930 3671 1027 3737 66166
1047 3672 1189 3758 denarij,
1209 3684 1241 3738 et
1256 3672 1392 3738 mutabo
1412 3673 1470 3738 ite·

383 3818 457 3860 rum
484 3795 583 3861 alium
609 3818 771 3885 passerem
798 3799 829 3862 in
853 3798 1039 3886 perdicem,
1064 3802 1174 3866 eterit
1198 3801 1378 3867 melioratio
1400 3802 1470 3867 eius

376 3921 505 4009 denarij
527 3927 543 4002 ³,
561 3924 597 3999 2,
615 3922 678 3992 hoo
696 3938 744 3993 est
764 3927 856 3992 tertie
873 3929 906 4003 8,
930 3948 994 4015 666
1012 3939 1088 3992 6661
1104 3925 1288 3993 differentia
1307 3931 1470 4014 6666616

377 4052 483 4138 pretio
501 4052 598 4118 unius
614 4043 757 4139 passeris
773 4075 878 4142 usque
894 4055 925 4118 in
939 4055 1079 4141 pretium
1096 4055 1193 4120 unius
1206 4054 1360 4141 perdicis,
1376 4064 1407 4118 et
1425 4053 1439 4116 1
1457 4090 1466 4100 ·

377 4179 463 4244 ciam
480 4179 592 4245 tertias
608 4200 647 4244 ex
663 4179 806 4267 denarijs
821 4183 864 4247 20
881 4182 1033 4255 seruatis,
1050 4193 1082 4247 et
1096 4193 1192 4248 erunt
1204 4182 1296 4248 tertie
1309 4184 1365 4256 00,
1385 4203 1467 4269 6666

376 4304 524 4372 diuidam
542 4307 574 4371 in
593 4306 676 4371 duas
695 4319 819 4393 partos,
840 4329 979 4394 quarum
1001 4330 1067 4374 666
1085 4308 1251 4374 diuidatur
1267 4308 1467 4395 integraliter

374 4453 436 4519 per
454 4437 486 4509 8,
504 4447 535 4499 et
552 4435 614 4501 alia
634 4456 691 4522 per
710 4437 745 4506 5,
769 4446 801 4500 61
823 4457 887 4523 666
908 4458 947 4501 ex
967 4449 1106 4525 utraque
1126 4437 1285 4502 diuisione
1308 4459 1464 4525 peruene-

376 4560 440 4624 rint
464 4581 525 4627 666
538 4561 713 4629 ascendant
730 4563 761 4626 in
779 4564 836 4641 30;
854 4563 979 4649 eritque
996 4585 1060 4628 666
1086 4563 1213 4628 illarum
1231 4563 1372 4631 duarum
1389 4586 1462 4653 par-
