4175 5792
482 1061 622 1148 Epistola
645 1064 849 1148 suprascripti
872 1063 1024 1126 Loooordt'
1045 1062 1087 1126 od
1109 1063 1294 1148 Mopt'strrtm
1320 1061 1530 1134 Theodorum,

705 1186 928 1276 phylosophum
951 1187 1065 1253 domiui
1089 1191 1296 1277 Imperatoris.

407 1431 410 1435 ’
439 1428 455 1477 'l
532 1443 677 1510 Assiduis
712 1443 934 1532 rogaminibus
968 1455 999 1510 et
1032 1444 1308 1532 postulationibus
1346 1448 1366 1508 a
1403 1444 1549 1532 quodam

468 1568 545 1634 mihi
562 1570 759 1635 amicissimo
775 1571 946 1647 inuitatus,
967 1583 1003 1637 ut
1015 1571 1150 1638 modum
1162 1571 1224 1638 sibi
1242 1591 1472 1659 componerem
1488 1574 1550 1638 sol-

388 1677 390 1681 ·
469 1694 564 1761 nendi
588 1695 789 1784 subscriptas
813 1699 926 1764 auium
944 1708 976 1764 et
992 1698 1148 1764 similium
1171 1699 1369 1786 questiones,
1386 1700 1466 1787 quia
1484 1701 1551 1787 ipse

468 1833 635 1905 tamquam
659 1824 788 1890 nouiter
808 1823 839 1889 in
863 1822 925 1890 hoc
945 1824 1130 1913 magisterio
1148 1823 1321 1900 educatus,
1341 1824 1476 1892 fortiora
1496 1848 1553 1914 pa-

469 1950 546 2016 bula
570 1952 601 2015 in
625 1951 709 2017 libro
734 1972 805 2019 meo
828 1953 955 2018 numeri
979 1952 1129 2040 apposita
1152 1952 1369 2039 pauescebat‚
1394 1952 1445 2019 lac
1468 1954 1550 2029 sibi,

469 2078 559 2144 uelut
582 2079 710 2145 nouiter
732 2080 839 2168 genito
856 2078 937 2156 filio,
957 2079 1131 2146 suauitatis
1143 2100 1331 2167 preparans,
1348 2091 1384 2145 ut
1396 2080 1552 2148 robustus

468 2207 603 2274 effectus
625 2229 742 2297 capere
764 2210 874 2274 ualeat
897 2210 1035 2283 artiora,
1056 2217 1239 2296 presentem
1261 2208 1322 2274 sibi
1346 2208 1481 2275 modum
1507 2211 1554 2275 in·

470 2336 557 2412 ueni,
583 2358 639 2423 per
662 2358 773 2424 quem,
798 2356 863 2402 non
879 2337 985 2402 solum
1002 2335 1123 2402 similes
1146 2336 1332 2424 questiones
1354 2336 1549 2413 soluuntur,

470 2485 582 2530 verum
602 2474 633 2529 et
648 2483 761 2530 omnes
775 2462 1253 2530 diuersitatesconsolaminum
1273 2477 1492 2532 monetarum.
1512 2467 1554 2532 Et

470 2593 548 2679 quia
572 2591 678 2679 ipsum
704 2593 735 2656 in
759 2590 814 2655 illa
837 2590 972 2657 scientia
996 2591 1244 2677 prestantiorem
1267 2601 1299 2658 et
1324 2592 1435 2660 utilem
1458 2593 1554 2683 elegi,

470 2720 579 2795 uobis,
604 2718 779 2786 reuerende
803 2731 896 2807 pater
918 2717 1050 2784 domine
1072 2717 1257 2795 Theodore,
1283 2721 1459 2810 imperialis
1482 2723 1556 2789 aule

468 2867 561 2911 sume
576 2843 639 2937 (sio)
654 2843 874 2935 phylosophe,
888 2843 1089 2911 miotendum
1101 2844 1244 2921 decrevi,
1259 2858 1294 2913 ut
1314 2848 1383 2935 ipso
1396 2848 1556 2935 perlecto,

468 2995 532 3061 que
554 2973 646 3038 utilia
669 2982 745 3038 sunt
770 2985 877 3039 uestro
899 2971 1099 3039 celsitudinis
1123 2973 1286 3060 probitas,
1325 2977 1478 3042 resecatis
1502 2998 1556 3042 su·

472 3099 617 3188 perduis,
642 3110 857 3166 reconseruet.

540 3357 584 3419 Do
608 3357 718 3421 ouibus
739 3355 872 3422 comodis
895 3356 1062 3419 secundom
1081 3358 1309 3441 proportionem
1331 3357 1445 3421 datam.

536 3606 659 3683 Qummr
681 3609 760 3673 emit
782 3628 928 3696 passeres
951 3609 971 3672 3
996 3627 1055 3694 pro
1079 3628 1143 3673 uno
1174 3608 1328 3684 denario,
1358 3619 1389 3674 et
1414 3620 1559 3677 turtures

472 3735 493 3800 2
517 3752 575 3821 pro
600 3754 665 3799 uno
688 3734 835 3810 denario,
859 3744 890 3801 et
913 3734 1132 3801 columbaml
1158 3755 1216 3822 pro
1239 3733 1382 3822 denar-ijs
1405 3738 1441 3811 2,
1466 3747 1559 3804 etex

472 3858 522 3925 his
538 3859 644 3925 tribus
660 3860 833 3949 generibus
849 3862 976 3938 auium,
989 3859 1105 3925 hahuit
1121 3880 1200 3925 aues
1217 3860 1259 3924 30
1276 3881 1335 3940 pro
1348 3859 1492 3949 denarijs
1504 3864 1558 3929 30.

472 3988 627 4066 Queritur
642 3998 722 4076 quot
740 4009 819 4055 aues
838 3991 917 4055 emit
935 4011 975 4056 ex
992 4008 1058 4055 uno
1078 4008 1210 4077 quoque
1229 4010 1354 4076 genere.
1375 3989 1472 4055 Posui
1495 3990 1561 4076 pri-

474 4136 564 4181 mam
587 4135 734 4203 passeres
757 4116 799 4180 30
820 4136 879 4202 pro
901 4117 943 4181 l0
963 4115 1121 4202 denarijs,
1138 4125 1170 4182 et
1185 4116 1315 4182 seruaui
1334 4115 1484 4182 denarios
1502 4118 1562 4191 20,

475 4219 531 4332 qui
555 4256 631 4313 sunt
648 4245 830 4312 differentia
852 4267 917 4333 que
940 4255 989 4312 est
1013 4249 1033 4309 a
1058 4246 1100 4311 ll)
1120 4244 1261 4332 denarijs
1278 4265 1380 4332 usque
1400 4244 1431 4307 in
1448 4245 1505 4319 30,
1529 4258 1563 4311 et

474 4375 598 4439 mutaui
616 4397 718 4442 unum
737 4396 777 4441 ex
791 4373 981 4461 passeribus
1003 4375 1034 4437 in
1060 4384 1242 4449 turturem,
1267 4382 1300 4438 et
1323 4370 1382 4437 luit
1405 4391 1564 4460 augmen-

477 4511 542 4565 tum
566 4502 597 4566 in
621 4503 691 4592 ipsa
716 4504 923 4580 mutatione}
947 4502 1045 4567 unius
1068 4501 1205 4587 denarij‚
1230 4499 1308 4587 quia
1337 4517 1449 4583 passer
1472 4500 1564 4567 uale-
