4175 5792
499 701 542 764 70

500 849 751 938 perhabundant
783 849 920 938 duplum
955 848 1139 938 superficiei
1168 869 1199 914 m
1217 871 1239 914 n
1262 848 1296 912 in
1324 869 1346 912 n
1369 869 1407 923 o,
1443 844 1508 913 hoo
1542 856 1592 912 eet

499 989 510 1044 t
527 979 548 1044 k
567 979 598 1042 in
617 979 637 1044 lr
656 991 667 1044 t
818 977 852 1041 in
865 975 1028 1065 quadrato
1044 975 1171 1042 numeri
1191 999 1210 1064 q
1226 997 1252 1041 o.
1269 973 1331 1041 Sed
1351 973 1491 1062 duplum
1510 972 1594 1040 mul-

499 1107 707 1196 tiplicationis
727 1119 738 1174 t
759 1105 780 1170 lr
803 1107 835 1170 in
857 1105 877 1170 ir
900 1105 911 1169 l
931 1125 1007 1171 cum
1036 1102 1222 1191 quadrato,
1256 1103 1313 1190 qui
1349 1100 1385 1166 lit
1409 1107 1430 1168 a
1452 1123 1593 1169 numero

499 1256 519 1324 q
542 1257 574 1312 o,
597 1246 738 1323 equatur
760 1232 891 1300 duobus
913 1232 1104 1323 quadratis,
1129 1231 1185 1320 qui
1206 1229 1290 1297 fiunt
1313 1235 1333 1297 a
1356 1232 1504 1298 numeris
1519 1253 1592 1299 mn

500 1383 523 1427 o
542 1384 568 1428 o.
586 1362 694 1440 Quare
709 1362 877 1452 quadrati,
896 1361 953 1449 qui
976 1358 1060 1425 liunt
1083 1360 1262 1427 duumeris
1278 1368 1290 1425 t
1305 1362 1315 1424 l
1328 1370 1361 1426 et
1380 1381 1401 1448 q
1419 1382 1450 1435 o,
1469 1381 1594 1449 equan-

497 1505 552 1558 tur
566 1501 708 1582 quatuor
730 1490 914 1580 quadratis,
938 1488 996 1577 qui
1013 1487 1096 1554 fiunt
1111 1489 1299 1576 dinumeris
1320 1488 1385 1565 tlr,
1410 1487 1477 1563 kl,
1500 1510 1533 1553 m
1554 1511 1590 1565 o,

496 1623 519 1667 u
542 1623 580 1678 o,
604 1600 667 1666 hoo
691 1610 740 1667 est
764 1619 900 1665 numero
923 1601 994 1687 of,
1018 1596 1108 1686 quod
1132 1595 1330 1684 opportebat
1351 1595 1538 1665 ostendere.

567 1729 616 1794 Ex
639 1726 702 1794 hoo
725 1724 857 1813 quidem
877 1724 1087 1792 manifestum
1102 1733 1165 1800 est,
1188 1721 1278 1811 quod
1295 1722 1429 1812 quando
1448 1722 1517 1789 duo
1535 1745 1594 1790 nu·

500 1854 580 1919 meri
600 1853 766 1942 inequales
784 1863 1027 1942 proponuntur,
1043 1850 1182 1939 duplum
1198 1849 1480 1938 multiplicationis
1496 1851 1594 1916 unius

499 1982 531 2048 in
556 1981 678 2056 alium,
710 2002 787 2048 enm
809 1980 972 2069 quadrato
996 1979 1122 2065 numorj
1148 1979 1181 2043 in
1215 1999 1282 2067 quo
1306 1979 1410 2045 maior
1433 1999 1593 2045 numerus

496 2107 767 2197 superhabundat
789 2108 969 2183 minorem,
997 2118 1137 2196 equatur
1160 2104 1332 2194 quadratis
1358 2107 1415 2195 qui
1439 2105 1525 2173 iiunt
1552 2106 1595 2173 ab

498 2238 576 2326 ipsis
598 2238 752 2304 numeris.
775 2238 885 2316 Quare
916 2236 1145 2325 multiplicatio
1176 2241 1183 2323 Ι
1214 2247 1225 2302 t
1246 2235 1267 2301 k
1291 2239 1323 2303 in
1345 2236 1366 2302 lr
1390 2236 1421 2312 l,
1456 2235 1522 2304 hoo
1545 2247 1595 2305 est

494 2388 526 2432 m
543 2367 613 2432 oin
630 2389 652 2431 o
669 2387 702 2440 o,
722 2386 798 2433 cum
820 2363 984 2454 quadrato
1000 2367 1058 2453 qui
1075 2365 1150 2431 fita
1176 2384 1315 2432 numero
1342 2384 1363 2447 p
1391 2364 1425 2439 l,
1449 2377 1594 2453 equatur

494 2491 665 2581 quadratis
679 2494 735 2582 qui
759 2494 843 2559 fiunt
865 2495 884 2559 a
907 2493 1052 2559 numeris
1072 2502 1083 2557 t
1099 2491 1132 2567 k,
1151 2492 1171 2557 t
1187 2491 1205 2559 l.
1227 2493 1336 2570 Quare
1353 2491 1379 2557 si
1398 2492 1588 2559 comuniter

494 2620 658 2688 addantur
680 2620 746 2687 duo
769 2620 937 2709 quadrati.
976 2623 1033 2709 qui
1056 2620 1139 2687 liunt
1161 2625 1180 2688 tr
1204 2622 1349 2686 numeris
1371 2642 1403 2685 m
1425 2642 1468 2695 o,
1506 2643 1528 2686 n
1551 2643 1592 2694 o,

496 2758 593 2814 erunt
615 2746 753 2834 duplum
776 2748 981 2836 superficiei,
1004 2771 1070 2837 que
1093 2761 1141 2815 est
1164 2770 1205 2816 ex
1227 2770 1260 2813 m
1282 2769 1325 2821 o,
1350 2747 1383 2812 in
1405 2769 1427 2812 n
1450 2771 1489 2824 o,
1515 2769 1594 2816 oum

497 2872 603 2941 tribus
624 2874 808 2963 quadratis',
831 2877 890 2964 qui
911 2875 995 2943 fiunt
1012 2881 1033 2944 a
1048 2878 1193 2944 numeris
1211 2897 1233 2965 p
1253 2876 1275 2953 l,
1293 2898 1325 2941 m
1345 2898 1383 2951 o,
1398 2898 1421 2941 o
1436 2897 1468 2951 o,
1492 2898 1595 2966 equa·

497 3000 543 3066 les
568 3009 642 3068 uu.⁰¹
665 3002 850 3091 quadratis,
865 3005 921 3093 qui
940 3002 1023 3070 liunt
1041 3010 1062 3072 a
1077 3005 1222 3071 numeris
1239 3014 1250 3069 t
1266 3003 1299 3082 lc,
1319 3002 1339 3068 lr
1358 3005 1382 3080 l,
1402 3024 1434 3068 m
1450 3027 1489 3079 n,
1513 3027 1537 3071 n
1559 3026 1593 3082 o,-

497 3124 560 3193 hoo
583 3139 632 3194 est
655 3148 791 3196 numero
815 3152 830 3196 r
852 3131 875 3218 s.
900 3131 962 3197 Sed
992 3131 1093 3221 duplo
1127 3129 1336 3219 superficiei,
1369 3153 1436 3220 que
1469 3143 1521 3198 est
1553 3153 1595 3199 ex

495 3256 704 3334 molano,¹
724 3269 758 3325 et
776 3257 905 3326 duobus
933 3260 1119 3350 quadratis,
1143 3262 1296 3350 quisunt
1317 3281 1358 3327 ex
1377 3281 1410 3326 m
1431 3282 1476 3334 u,
1499 3282 1524 3325 o
1548 3281 1590 3335 o.

496 3384 622 3472 equalis
644 3397 694 3451 est
718 3386 923 3474 quadratus,
948 3390 1005 3476 qui
1029 3387 1068 3486 fit
1090 3393 1110 3454 a
1132 3409 1271 3457 numero
1292 3411 1324 3455 m
1345 3412 1371 3456 o.
1402 3390 1491 3478 Ergo
1525 3389 1594 3457 duo

494 3512 671 3602 quadrati,
697 3516 754 3604 qui
777 3514 860 3582 fiunt
884 3519 905 3582 a
929 3518 1075 3584 numeris
1098 3538 1129 3583 m
1152 3540 1170 3584 o
1192 3529 1268 3606 etp
1292 3517 1322 3593 l,
1344 3527 1510 3606 aquantur
1533 3538 1596 3584 nu*

496 3659 587 3707 mero
610 3664 626 3706 o
646 3641 681 3728 s,
704 3653 742 3707 ut
765 3641 961 3731 opportebat
984 3641 1165 3710 ostendere.

564 3766 627 3832 Snd
651 3770 693 3833 sit
718 3789 804 3835 unus
825 3790 865 3836 ex
888 3770 1032 3836 numeris
1050 3791 1066 3835 e
1084 3792 1105 3835 z
1124 3769 1326 3858 quadratus,
1349 3779 1383 3835 et
1406 3770 1514 3856 primo
1533 3792 1597 3837 nu·

498 3913 607 3960 merus
630 3916 667 3970 e,
691 3893 765 3962 dico
784 3916 855 3963 esse
872 3895 1025 3985 possibile
1044 3898 1190 3963 inuenire
1210 3897 1291 3963 alios
1307 3896 1391 3963 duos
1408 3897 1594 3987 quadratos

494 4040 663 4101 numeros,
681 4025 739 4112 qui
755 4036 922 4113 equantur
941 4027 1153 4114 numerous,
1169 4045 1312 4114 quorum
1331 4048 1417 4093 unus
1438 4037 1489 4093 est
1509 4027 1594 4115 ipsa,

500 4149 557 4236 qui
579 4150 745 4240 egreditur
769 4173 809 4218 ex
831 4153 1103 4240 multiplicatione
1125 4153 1252 4220 numeri
1276 4174 1291 4217 e
1315 4153 1348 4218 in
1366 4153 1593 4242 quadratum,

501 4277 558 4361 qui
577 4276 614 4343 lit
633 4282 653 4346 a
676 4299 815 4346 numero
833 4301 869 4363 q,
888 4290 921 4346 et
940 4279 1023 4346 alius
1046 4278 1211 4369 egreditur
1226 4301 1266 4347 ex
1282 4279 1416 4348 duotue
1434 4281 1468 4346 in
1490 4302 1592 4357 eum,

496 4403 552 4490 qui
576 4404 613 4469 fit
636 4409 807 4472 anumero
825 4407 859 4483 d,
881 4407 1037 4495 quoniam
1060 4407 1242 4496 quadratus
1265 4419 1316 4476 est
1331 4430 1491 4477 numerus
1510 4432 1539 4485 e,
1561 4409 1589 4477 si
