4175 5792
1453 682 1495 748 at

404 832 559 928 dragma,
582 851 708 922 erunt}
730 841 827 908 unius
845 841 891 908 rai
914 852 946 908 et
968 844 982 920 ξ
1002 841 1099 906 unius
1123 839 1219 906 bursa
1244 834 1376 924 equales
1400 829 1496 919 quin-

405 988 470 1056 que
495 966 593 1035 rebus
614 978 646 1035 at
669 967 842 1056 dragmis}
861 971 890 1033 5.
908 968 1015 1046 Quare
1033 969 1060 1032 si
1084 970 1266 1034 comuniter
1294 964 1459 1032 auferatur
1480 965 1496 1039 ξ

409 1099 505 1166 unius
521 1101 565 1166 rai
583 1099 796 1167 remanebunt
812 1122 863 1168 res
876 1105 894 1182 ξ
909 1103 929 1167 3
944 1110 976 1166 et
991 1102 1126 1190 dragme
1144 1102 1158 1179 l
1174 1103 1210 1175 ὃ,
1225 1121 1289 1189 que
1304 1107 1467 1187 aquantur
1482 1098 1497 1175 ξ

409 1229 508 1294 unius
525 1227 634 1305 bursa,
646 1249 760 1316 quara,
774 1238 812 1294 ut
828 1229 971 1318 redigam
984 1228 1044 1296 hee
1057 1228 1098 1296 ad
1112 1227 1247 1295 bursam
1259 1249 1377 1302 uuam,
1390 1225 1500 1292 multi·
1564 1280 1570 1291 ,

412 1357 541 1444 plicabo
560 1378 611 1424 res
629 1362 645 1440 ξ
662 1359 681 1424 3
697 1367 730 1425 at
749 1356 902 1447 dragmas
919 1361 934 1437 l
953 1361 973 1423 5
988 1378 1047 1446 par
1065 1360 1101 1433 6,
1118 1367 1150 1424 at
1167 1355 1372 1445 egredientur
1390 1374 1440 1420 ras
1455 1355 1498 1420 22

409 1495 443 1550 et
459 1483 593 1574 dragma
615 1486 672 1563 33,
692 1505 777 1574 quas
795 1482 943 1552 diuidam
967 1503 1025 1572 per
1044 1485 1065 1548 5
1083 1492 1115 1549 at
1135 1484 1268 1548 uenient
1292 1501 1343 1547 res
1365 1484 1380 1559 ξ
1404 1480 1444 1554 l,
1467 1492 1499 1544 et

411 1608 546 1699 dragma
563 1616 579 1692 ζ
602 1615 642 1687 6,
667 1633 731 1700 que
748 1623 913 1699 aquantur
931 1609 1039 1677 bursa.
1065 1608 1259 1675 Inuanetum
1278 1618 1328 1674 est
1351 1607 1501 1697 superius

411 1737 501 1825 qund
534 1749 604 1805 tras·
634 1761 685 1806 res
720 1739 880 1820 miuusf'a
910 1736 1006 1805 unius
1040 1737 1086 1804 rai
1120 1746 1153 1803 et
1177 1741 1208 1817 ἦ
1233 1736 1331 1803 nnius
1367 1734 1501 1822 dragma

412 1867 525 1954 equari
546 1865 612 1958 (sie)
630 1868 686 1933 uni
701 1867 813 1943 bursa,
829 1886 907 1956 argo
928 1870 1008 1946 res}
1027 1867 1048 1931 l
1064 1875 1096 1932 et
1113 1864 1248 1954 dragma
1266 1870 1280 1946 ξ
1298 1868 1318 1931 6
1338 1874 1502 1953 aquantur

415 1993 520 2060 tribus
543 1993 643 2062 rabus
665 1996 774 2062 minus
794 1999 826 2078 ἦ
846 1997 944 2062 unlus
968 1996 1012 2063 rei
1033 2006 1065 2062 et
1080 2001 1110 2077 ,ἒ
1124 1996 1221 2062 unius
1239 1993 1392 2081 dragma,
1409 1989 1499 2080 quod

412 2131 462 2187 est
492 2122 702 2210 impossibile.
726 2124 810 2202 Quia
837 2128 924 2202 res}
952 2124 972 2188 l
999 2134 1076 2189 sunt
1100 2124 1208 2211 pluras
1233 2120 1329 2187 rebus
1352 2123 1383 2200 l}
1404 2120 1446 2197 2,
1469 2130 1500 2185 at

413 2247 548 2337 dragma
566 2254 578 2328 ξ
596 2251 616 2316 6
635 2260 711 2316 sunt
731 2250 840 2338 pluras
858 2248 899 2316 de
914 2255 945 2332 ἦ
962 2250 1059 2316 unius
1077 2247 1220 2336 dragma.
1239 2245 1327 2311 Vnde
1346 2248 1372 2311 si
1388 2265 1502 2313 uonna-

414 2373 524 2440 datur.
543 2376 684 2463 primum
711 2376 875 2443 homiuem
909 2375 1030 2443 habere
1053 2373 1222 2452 debitum,
1248 2374 1432 2441 inueniatur
1454 2394 1503 2438 se-

415 2502 560 2569 cundum
595 2503 681 2572 hane
713 2505 994 2593 inuestigatiouem
1029 2503 1118 2593 quod
1144 2525 1194 2570 res
1217 2508 1231 2584 ξ
1256 2504 1275 2568 l
1300 2503 1406 2569 minus
1428 2501 1502 2567 dra-

415 2633 498 2720 gmis
516 2636 531 2712 }
550 2635 571 2698 6
586 2646 749 2723 aquantur
765 2633 863 2701 rebus
880 2637 911 2715 l}
928 2635 949 2700 2
965 2633 1073 2698 miuus
1088 2636 1118 2714 ἦ
1133 2633 1230 2699 unlus
1249 2630 1393 2720 dragma.
1414 2627 1503 2696 Vnde

416 2761 441 2825 si
463 2763 679 2828 communiter
707 2762 897 2830 auferantur
926 2767 956 2844 ᾗ
980 2763 1079 2829 unius
1108 2761 1264 2850 dragma,
1288 2759 1504 2826 remanebunt

419 2908 469 2954 ras
483 2892 515 2969 l}
529 2891 563 2963 2,
589 2912 654 2979 que
676 2900 841 2979 aquantur
861 2888 958 2956 rebus
973 2894 988 2969 ξ
1004 2891 1023 2953 l
1040 2889 1148 2955 minus
1164 2887 1307 2977 dragmis
1321 2891 1351 2968 ἐξ
1368 2891 1398 2954 5.
1416 2888 1505 2966 Qua-

418 3037 453 3083 re
472 3021 502 3096 t}
522 3021 542 3083 5
564 3017 590 3082 si
610 3018 827 3085 cummuniter
847 3016 1011 3083 addantur
1029 3017 1165 3106 dragma
1184 3020 1214 3097 a}
1232 3018 1272 3092 ὅ,
1295 3014 1509 3084 remanebunt

418 3148 503 3222 ras}
525 3144 625 3232 laque
642 3155 806 3233 aquantur
825 3143 923 3211 rebus
938 3147 1003 3227 {32
1020 3157 1052 3211 at
1066 3145 1210 3234 dragmis
1230 3143 1236 3232 Ι
1254 3148 1284 3225 {3
1303 3147 1333 3210 5.
1356 3144 1464 3222 Quare
1483 3144 1510 3209 si
1540 3154 1565 3201 td
1580 3154 1601 3188 ¹⁰
1609 3154 1658 3186 ”⁰¹⁰

419 3270 639 3336 communiter
656 3270 847 3337 auferantur
863 3293 914 3338 res
935 3273 1002 3352 {32
1023 3270 1238 3337 remanebunt
1260 3292 1312 3337 ras
1335 3273 1363 3350 i}
1385 3275 1396 3336 l
1420 3321 1426 3345 ,
1448 3292 1513 3359 qua

420 3408 584 3486 aquantur
615 3397 759 3487 dragmis
784 3402 862 3479 235.
886 3401 949 3475 Et,
976 3411 1014 3467 ut
1034 3397 1095 3466 hee
1118 3398 1303 3465 habeantur
1326 3398 1359 3465 iu
1382 3399 1512 3486 integris

423 3527 582 3603 numeris,
604 3526 829 3616 multiplicabo
841 3498 1020 3617 utrumqne
1034 3548 1210 3594 numerum
1225 3548 1282 3616 par
1299 3528 1357 3604 66,
1377 3538 1410 3595 et
1423 3548 1513 3615 agre

423 3649 552 3718 dieutnr
568 3675 619 3719 res
635 3655 700 3728 96,
719 3674 785 3742 qua
803 3662 968 3741 aquantur
986 3651 1131 3741 dragmis
1147 3653 1223 3719 384.
1243 3654 1330 3743 Ergo
1347 3653 1513 3743 proportio

426 3798 535 3842 rerum
559 3777 600 3843 ad
634 3776 788 3867 dragmas
822 3789 871 3844 ast
904 3779 988 3845 sicut
1011 3781 1055 3844 96
1078 3778 1120 3845 ad
1143 3780 1230 3857 38t,
1253 3800 1318 3869 que
1346 3777 1515 3868 propertio

424 3908 457 3971 in
489 3903 670 3972 minoribus
700 3907 845 3974 numeris
872 3917 922 3975 est
955 3907 1040 3974 sieut
1070 3911 1082 3973 t
1124 3905 1165 3972 ad
1190 3907 1231 3980 l,
1265 3924 1343 3994 argo
1376 3926 1426 3970 res
1451 3922 1517 3968 una

423 4043 565 4123 equatur
584 4042 726 4120 quatuor
741 4034 901 4123 dragmis,
923 4034 1007 4102 vnde
1022 4036 1049 4100 si
1069 4055 1188 4123 ponam
1208 4055 1275 4101 rem
1291 4054 1361 4100 esse
1381 4033 1416 4107 l,
1432 4029 1517 4096 scili-

425 4174 477 4229 aet
488 4162 704 4252 quantitatem
723 4162 858 4230 secundi
871 4162 1026 4239 hominis,
1043 4161 1263 4231 eritdabitum
1288 4160 1382 4249 primi
1402 4157 1466 4225 biz.
1486 4161 1516 4226 l.

428 4290 468 4355 Et
486 4289 565 4378 quia
588 4290 771 4356 inuanimus
793 4293 944 4381 superius
959 4291 1048 4381 quod
1068 4290 1169 4358 bursa
1189 4299 1330 4378 equatur
1352 4286 1449 4355 rebus
1468 4289 1518 4367 {l

429 4419 538 4486 minus
561 4417 734 4506 dragmis}
759 4420 800 4493 6,
828 4418 853 4484 si
878 4417 919 4485 de
941 4417 1128 4499 rebusad,
1154 4439 1218 4506 qua
1240 4426 1316 4483 suut
1336 4415 1397 4482 biz.
1420 4420 1435 4495 ἓ
1455 4418 1517 4487 17,

433 4543 622 4611 auferantur
644 4544 809 4633 dragma}
834 4547 876 4621 6,
902 4543 964 4610 huc
983 4556 1032 4611 est
1056 4544 1117 4609 biz.
1138 4548 1153 4621 t
1176 4545 1218 4619 6,
1241 4541 1454 4610 remanebunt
1478 4543 1512 4606 ll
