4175 5792
1533 712 1590 776 idi

575 869 622 934 Er
640 879 678 934 ut
703 868 761 934 hec
783 866 815 932 in
834 866 978 933 numeris
994 864 1197 942 habeantur,
1212 862 1394 952 quadratus
1407 881 1429 926 o
1451 862 1470 925 b
1485 861 1536 927 sit.
1554 862 1600 934 i.,

502 1009 538 1065 et
561 994 743 1085 quadratus
768 1015 788 1061 o
808 1015 826 1078 9
850 995 903 1060 sit.
922 995 999 1069 25.,
1022 990 1204 1082 quadratus
1227 1010 1360 1080 quoque
1377 987 1433 1055 od
1454 989 1505 1055 sit.
1523 989 1598 1053 tu:

502 1134 600 1192 erunt
619 1142 696 1212 ergo
731 1140 913 1208 congruum
939 1122 956 1184 b
979 1144 1019 1203 9,
1053 1118 1105 1185 uei
1126 1139 1147 1206 9
1174 1121 1204 1183 d.
1230 1118 1283 1185 at.
1308 1117 1341 1183 in
1363 1136 1430 1204 quo
1449 1115 1599 1182 diuidan-

501 1264 557 1317 tur
577 1254 589 1315 t
612 1263 644 1317 et
659 1251 703 1315 25
718 1259 750 1314 et
766 1247 1082 1335 49‚proucnietez.
1109 1244 1403 1331 5¹5,etct'erit1¹¹
1426 1245 1438 1309 i
1459 1265 1466 1321 ;
1486 1262 1600 1309 nume·

502 1401 559 1445 rus
571 1398 729 1468 quoquee
746 1378 766 1443 b
781 1377 841 1443 erit
856 1378 886 1462 ἦ
905 1374 950 1441 2.;
963 1396 1003 1441 ex
1018 1372 1120 1440 ductu
1138 1371 1271 1462 quidem
1291 1396 1307 1439 e
1325 1372 1383 1437 iin
1396 1392 1431 1438 se
1447 1369 1598 1459 prouenit

500 1504 701 1592 quadratum
720 1527 735 1569 e
751 1503 798 1577 t,
821 1501 909 1592 quod
934 1512 984 1568 est
1007 1504 1074 1584 gt.
1098 1501 1151 1566 oui
1175 1501 1200 1565 si
1225 1499 1367 1567 addatur
1394 1498 1425 1565 id
1453 1498 1541 1589 quod
1562 1495 1598 1563 fir

499 1630 542 1697 'ex
560 1631 608 1696 tt
626 1631 658 1695 in
674 1631 735 1705 tt,
756 1630 877 1697 scilicet
892 1630 968 1715 fii,
986 1629 1157 1717 proueniet
1180 1629 1263 1709 5²45,
1282 1627 1377 1693 cuius
1397 1625 1489 1693 radix
1503 1630 1597 1712 esttff

499 1756 564 1824 hoc
587 1768 636 1824 est
653 1760 682 1845 t}
702 1761 737 1838 t;
754 1758 902 1825 similiter
921 1758 947 1823 si
966 1755 1133 1822 auferatur
1158 1758 1189 1843 ἦ
1209 1757 1222 1820 t
1242 1806 1249 1830 ‚
1270 1754 1334 1821 hoc
1355 1766 1404 1822 est
1423 1758 1470 1838 {tt
1483 1758 1596 1837 exttt,

498 1883 563 1951 boc
582 1897 631 1953 est
652 1907 808 1952 numerus
837 1887 955 1952 itzex
978 1902 1116 1949 numero
1141 1885 1161 1947 t
1182 1905 1221 1958 e,
1245 1883 1425 1949 remanebit
1457 1906 1517 1971 pro
1543 1906 1596 1948 su-

501 2009 663 2099 perficiee
684 2021 695 2075 t
716 2012 778 2093 3²7¹„
801 2028 943 2097 quorum
969 2006 1061 2073 radix
1079 2019 1128 2075 est
1154 2010 1203 2095 ἦ,
1226 2009 1304 2073 etsi
1329 2028 1427 2094 super
1456 2008 1597 2096 quadra-

498 2148 570 2201 tum
593 2136 735 2224 aliquem
759 2145 963 2225 proponatur
997 2132 1072 2198 addi
1108 2146 1141 2201 et
1166 2135 1304 2202 diminui
1339 2132 1423 2199 duas
1449 2133 1595 2207 radices,

497 2261 684 2351 duplicabis
706 2262 838 2352 quidem
864 2281 1017 2330 numeros
1052 2283 1128 2335 cz,
1152 2262 1197 2326 ei
1210 2284 1253 2335 ‚e
1279 2262 1318 2336 b,
1342 2260 1537 2349 prouenient
1562 2265 1592 2341 θ,

496 2391 703 2472 et1¹32et1¹¹
721 2391 750 2456 i.
767 2443 773 2467 ‚
793 2392 850 2480 qui
873 2391 971 2457 etiam
990 2390 1181 2478 proueniunt
1205 2390 1232 2454 si
1247 2386 1426 2455 diuidatur.
1447 2392 1477 2453 t.
1494 2400 1527 2457 et
1552 2391 1596 2457 25

496 2529 532 2585 et
555 2519 607 2585 tu.
625 2541 682 2608 per
700 2518 873 2586 dimidium
893 2537 1098 2606 congruum,
1117 2517 1239 2584 scilicet
1259 2538 1316 2605 per
1335 2519 1399 2591 12,
1423 2529 1456 2582 et
1479 2517 1526 2583 sic
1544 2538 1595 2583 ra-

501 2643 559 2710 dix
585 2646 704 2734 quesiti
728 2646 880 2734 quadrati
902 2648 963 2712 erit
985 2644 1074 2726 1¹12‚
1098 2654 1131 2710 et
1151 2644 1198 2710 sic
1220 2643 1381 2731 intelligas
1404 2640 1445 2709 de
1467 2643 1594 2716 tribus,

496 2773 550 2839 uel
570 2772 720 2863 pluribus
739 2772 905 2839 radicibus
928 2773 1048 2840 additis
1071 2783 1104 2841 et
1122 2770 1301 2837 diminutis.

564 2901 708 2967 Ounium
735 2903 834 2967 trium
857 2901 1119 2989 quadratorum,
1143 2872 1297 2988 quisunt
1321 2898 1466 2964 continui
1492 2899 1605 2988 impu·

496 3050 570 3103 res,
591 3030 698 3094 maior
719 3028 901 3118 quadratus
920 3027 1010 3094 addit
1025 3049 1124 3116 super
1145 3024 1289 3093 medium
1308 3035 1385 3091 octo
1403 3025 1477 3114 plus
1491 3047 1592 3114 quam

503 3155 630 3223 medius
652 3178 750 3246 super
777 3159 945 3224 minorem.
973 3155 1151 3223 Adiaceant
1173 3164 1241 3220 tres
1264 3153 1391 3219 radices
1413 3153 1489 3224 ab.
1516 3157 1533 3219 b
1552 3178 1593 3238 9,

499 3305 519 3368 9
542 3284 564 3349 d
588 3281 631 3373 (t)
660 3284 759 3349 trium
786 3283 939 3349 datorum
975 3282 1234 3372 quadratorum,
1271 3281 1430 3368 quisunt
1455 3280 1594 3369 impares

494 3403 528 3458 et
551 3392 718 3468 continui,
742 3404 774 3459 et
797 3393 839 3458 sit
872 3390 965 3459 radix
998 3413 1018 3457 u
1050 3390 1068 3456 b
1099 3390 1208 3456 minor
1228 3410 1330 3478 quam
1355 3386 1374 3453 b
1401 3410 1443 3477 9,
1469 3393 1543 3457 etb
1572 3414 1592 3476 9

494 3519 601 3584 minor
623 3539 725 3607 quam
749 3523 826 3602 dp,
850 3518 925 3586 dieo
948 3519 1164 3608 quadratum,
1184 3518 1240 3608 qui
1265 3516 1302 3583 fit
1320 3521 1341 3583 a
1362 3539 1535 3602 numerop
1555 3523 1576 3585 d
1584 3569 1590 3592 .

495 3646 616 3715 addere
633 3660 708 3714 octo
727 3647 801 3735 plus
819 3668 919 3736 super
936 3645 1153 3736 quadratum,
1177 3647 1242 3736 qui
1257 3645 1294 3712 fit
1317 3649 1336 3712 b
1359 3666 1495 3712 numero
1513 3648 1530 3711 b
1549 3668 1589 3729 9,

498 3795 600 3862 quam
617 3774 717 3840 addat
735 3776 919 3864 quadratus
936 3774 993 3863 qui
1013 3772 1048 3838 [it
1069 3778 1089 3840 ri
1108 3793 1245 3840 numero
1262 3776 1280 3839 t
1296 3796 1317 3863 9
1336 3794 1435 3861 super
1450 3774 1592 3861 quadra-

500 3912 571 3967 tum
595 3901 652 3989 qui
669 3899 740 3968 fita
759 3922 897 3970 numero
919 3902 986 3968 ab.

453 4122 456 4128 ι
501 4007 506 4015 ’
565 4027 674 4105 Quare
696 4030 823 4096 numeri
847 4029 924 4107 cb,
950 4035 968 4096 b
991 4054 1032 4115 g.
1053 4034 1117 4117 pd
1150 4042 1227 4097 sunt
1257 4030 1383 4096 radices
1399 4028 1497 4093 trium
1513 4046 1590 4093 con-

494 4157 665 4223 tinuorum
688 4154 927 4244 quadratorum
957 4159 1155 4248 imparium;
1187 4157 1329 4246 impares
1348 4153 1481 4243 quidem
1514 4163 1591 4220 sunt

492 4294 527 4351 et
550 4284 707 4350 continui.
727 4284 836 4362 Quare
857 4288 909 4374 tp
926 4285 1198 4375 superhabundat
1216 4307 1237 4352 o
1255 4285 1318 4350 bin
1333 4282 1487 4358 duobus,
1503 4290 1535 4348 et
1555 4280 1588 4346 in

492 4422 540 4477 tot
557 4409 827 4500 superhabundat
851 4434 1010 4481 numerus
1027 4415 1085 4502 qd
1095 4434 1268 4480 numerum
1295 4411 1357 4495 bp.
1381 4410 1591 4479 Aufferantur

489 4559 568 4628 ergo
590 4538 657 4607 duo
679 4544 698 4607 a
725 4560 862 4608 numero
886 4545 903 4607 b
927 4563 969 4626 9,
990 4552 1223 4629 remaneatque
1243 4561 1284 4606 ex
1306 4559 1346 4607 eo
1371 4560 1529 4608 numerus
1544 4541 1583 4617 b3

571 4706 604 4763 {it
621 4705 687 4755 veui
703 4706 756 4767 th.
773 4706 813 4757 34,
