4175 5792
466 696 507 759 58

461 862 634 909 numerum
663 842 837 930 imparem,
858 841 953 907 cuius
977 841 1072 907 tertia
1097 860 1172 928 pars
1189 840 1231 905 sit
1255 840 1401 927 integra,
1424 845 1463 902 ut
1485 836 1553 908 84,

462 969 556 1035 cuius
579 967 675 1034 tertia
697 979 746 1034 est
769 969 833 1044 24,
857 979 889 1034 et
912 967 1072 1057 accipiam
1098 969 1205 1056 ipsum
1229 968 1272 1035 27
1307 985 1384 1030 oum
1417 961 1553 1030 duobus

464 1092 645 1183 imparibus
668 1096 832 1171 numeris,
858 1097 980 1184 quibus
1003 1095 1073 1183 ipse
1094 1106 1143 1162 est
1173 1092 1319 1170 medius,
1344 1092 1470 1160 scilicet
1505 1091 1554 1156 25

464 1232 496 1289 et
518 1223 576 1296 29,
598 1232 631 1288 θῖ
654 1220 687 1288 hi
711 1232 776 1289 tres
799 1225 925 1290 numeri
954 1222 1121 1290 coniuncti
1154 1221 1277 1291 faciunt
1309 1223 1374 1298 84,
1409 1219 1467 1309 qui
1502 1228 1553 1284 est

464 1348 665 1438 quadratus,
689 1361 721 1418 et
743 1372 783 1417 ex
806 1349 899 1427 aliis,
921 1353 979 1440 qui
1012 1361 1089 1416 sunt
1123 1350 1166 1418 ab
1189 1368 1256 1416 uno
1279 1370 1384 1438 usque
1417 1352 1451 1413 in
1486 1349 1553 1423 23,

464 1470 670 1566 egredientur
693 1478 779 1551 444,
803 1479 898 1545 cuius
922 1478 1015 1545 radix
1039 1487 1089 1546 θεῖ
1119 1480 1182 1546 424
1220 1476 1339 1543 additis
1371 1494 1450 1565 crgo
1490 1475 1556 1541 444

466 1623 542 1670 cum
567 1607 631 1680 84,
654 1604 720 1671 exit
742 1625 872 1670 summa
895 1605 1096 1672 collectionis
1119 1605 1294 1694 imparium
1318 1622 1554 1678 numerorum,

465 1733 616 1820 quisunt
635 1732 678 1799 ab
701 1752 767 1798 uno
790 1754 894 1821 usqne
917 1734 950 1799 in
974 1735 1036 1809 29,
1059 1733 1182 1799 scilicet
1205 1734 1292 1808 226,
1316 1730 1373 1820 qui
1396 1748 1555 1796 numerus

468 1869 517 1924 cst
545 1859 740 1948 quadratus,
764 1871 796 1926 et
818 1870 867 1927 est
889 1861 961 1927 eius
984 1858 1077 1926 radix
1100 1862 1153 1926 46.
1176 1860 1277 1927 Simili
1300 1852 1556 1948 quoquomodo

471 1996 606 2074 possunt
622 1988 758 2055 inueniri
770 1999 923 2077 quatuor,
935 1999 969 2056 et
980 1988 1091 2076 plures
1105 1988 1250 2055 continui
1264 1987 1405 2075 impares
1417 1984 1556 2057 numeri,

469 2135 508 2180 ex
526 2134 666 2204 quorum
687 2116 877 2183 collectione
896 2127 1088 2206 procreatur
1110 2115 1293 2203 quadratus
1322 2134 1501 2189 numerus,
1524 2122 1557 2178 et

479 2371 491 2399 a
509 2355 656 2417 colligemus
672 2370 760 2406 omnes
776 2358 887 2419 impares
902 2370 1022 2408 numeros
1037 2358 1082 2421 qui
1099 2356 1206 2407 suntab
1223 2355 1232 2403 4
1254 2365 1335 2415 usque
1355 2353 1381 2401 in
1397 2351 1429 2414 9,
1447 2352 1493 2414 qui
1503 2364 1553 2401 nu·

479 2473 491 2501 a
508 2459 571 2506 meri
587 2459 697 2520 impares
713 2462 771 2508 sunt
788 2459 828 2508 isti
846 2458 869 2520 4,
886 2459 918 2521 3,
935 2459 966 2520 5,
984 2459 1006 2515 4,
1024 2462 1051 2510 et
1067 2471 1155 2508 omnes
1171 2456 1274 2505 insimul
1298 2453 1377 2504 additi
1401 2453 1499 2503 faciunt
1521 2453 1553 2503 46

480 2576 493 2601 ι
509 2570 556 2619 pro
571 2557 683 2608 secundo
698 2558 841 2621 qnadrat03
857 2561 892 2608 ita
901 2557 971 2622 quod
982 2559 1002 2608 si
1013 2557 1142 2609 addideris
1158 2571 1215 2608 cum
1232 2557 1265 2620 9,
1282 2556 1390 2607 habebis
1403 2555 1436 2606 26
1445 2572 1452 2617 ;
1470 2559 1496 2605 et
1507 2566 1553 2617 per

482 2676 493 2698 r
512 2660 712 2720 suprascriptum
728 2660 832 2710 modum
849 2666 934 2722 potest
949 2661 1060 2710 inueniri
1076 2662 1165 2710 tertius
1181 2659 1336 2722 quadratus,
1360 2655 1431 2718 quod
1446 2651 1554 2717 ponebis

481 2777 493 2801 a
511 2759 537 2807 in
552 2760 665 2822 margine
681 2773 769 2811 omncs
779 2767 888 2824 quatuor
899 2764 1009 2823 impares
1024 2774 1162 2821 numeror,
1179 2761 1223 2823 qui
1239 2759 1361 2809 suntabt
1376 2757 1494 2818 usquein
1504 2753 1552 2815 24,

483 2876 495 2899 r
512 2858 554 2919 qui
571 2863 629 2908 sunt
645 2860 668 2913 4,
686 2859 710 2920 3,
727 2859 750 2920 5,
768 2861 791 2921 4,
808 2861 831 2921 9,
848 2861 889 2922 44,
901 2863 940 2923 43,
953 2862 991 2922 46,
1004 2863 1043 2918 44,
1057 2862 1096 2923 49,
1107 2860 1147 2922 24,
1159 2860 1201 2923 23,
1217 2866 1243 2912 et
1258 2872 1345 2910 omnes
1362 2856 1440 2907 additi
1457 2856 1554 2906 faciunt

482 2970 495 3001 α
512 2955 558 3006 444
573 2970 619 3018 pro
636 2959 710 3009 tertio
726 2972 833 3010 numero
849 2961 990 3024 quadrato,
1008 2969 1035 3013 et
1051 2962 1115 3014 adde
1128 2976 1185 3012 cum
1197 2974 1294 3011 summa
1305 2959 1476 3021 predictorum
1489 2958 1554 3008 duo·

482 3072 495 3102 a
512 3070 570 3108 rum
585 3060 782 3121 quadratorum,
800 3074 851 3123 que
867 3067 906 3112 est
921 3063 968 3122 26,
987 3063 1094 3113 habebis
1112 3061 1156 3113 469
1172 3073 1219 3123 pro
1237 3072 1334 3109 summa
1351 3058 1428 3107 trium
1443 3054 1555 3119 quadra·

483 3179 495 3204 α
514 3163 615 3224 torum,
632 3167 658 3212 et
674 3162 724 3212 isto
741 3163 816 3214 modo
831 3164 946 3214 inuenies
961 3168 1081 3227 quartum
1096 3162 1257 3227 quadratum,
1273 3158 1391 3222 ponendo
1406 3171 1496 3208 omnes
1506 3159 1555 3207 im·

484 3279 496 3303 r
513 3274 603 3324 pares,
621 3263 741 3326 quisunt
759 3264 791 3313 ab
807 3264 818 3311 4
839 3263 966 3326 usquein
986 3262 1050 3324 469,
1074 3265 1100 3312 et
1122 3260 1236 3311 inuenies
1259 3261 1378 3323 quartum
1401 3255 1555 3319 quadratum

483 3383 495 3406 r
513 3376 569 3414 esse
585 3365 662 3426 4066,
680 3370 706 3415 et
723 3379 820 3415 summa
836 3365 1009 3426 predictorum
1026 3363 1102 3413 trium
1121 3373 1285 3412 numerorum
1301 3358 1481 3421 superaddita,
1504 3369 1555 3420 que

483 3484 495 3508 ι
513 3471 552 3514 θεῖ
566 3466 622 3527 469,
638 3468 687 3516 erit
697 3480 787 3516 eorum
797 3479 895 3515 summa
905 3464 984 3526 4226,
1001 3469 1026 3514 θῖ
1037 3465 1085 3514 ἰεῖο
1097 3462 1172 3512 modo
1187 3498 1193 3524 ‚
1207 3465 1233 3511 et
1249 3473 1280 3510 cx
1295 3459 1409 3521 predicta
1419 3472 1492 3508 suma
1503 3457 1554 3519 taio)

486 3586 498 3611 r
514 3571 598 3627 potest
614 3567 721 3629 inueniri
738 3568 840 3629 quintus
856 3565 1003 3628 quadratus,
1016 3561 1134 3626 ponendo
1145 3573 1233 3612 omnes
1249 3562 1360 3621 impares
1376 3570 1497 3609 numeros
1510 3556 1554 3620 qui

485 3687 497 3710 α
514 3670 574 3716 sunt
582 3667 635 3715 abt
648 3678 729 3729 usque
737 3667 763 3715 in
771 3665 843 3728 4226,
857 3671 883 3715 et
893 3665 1006 3715 inuenies
1021 3677 1069 3725 pro
1085 3663 1175 3725 quinto
1186 3661 1310 3725 quadrato
1321 3673 1410 3710 eorum
1420 3655 1554 3718 43646644,

485 3751 498 3813 d
515 3766 556 3816 cui
572 3765 661 3828 quinto
677 3777 785 3814 numero
801 3765 822 3814 si
839 3764 969 3814 addideris
985 3777 1082 3814 sumam
1098 3764 1150 3821 tric)
1167 3761 1339 3822 predictorum
1359 3763 1485 3822 quatuor,
1511 3758 1556 3807 ha·

486 3885 499 3915 a
517 3868 590 3919 babis
605 3880 652 3929 pro
669 3880 741 3916 suma
756 3868 809 3927 (sict
826 3866 938 3916 omnium
953 3865 969 3914 5
983 3876 1149 3914 numerorum
1165 3861 1346 3924 quadratorum
1363 3857 1503 3918 43663469,
1530 3860 1556 3906 et

485 3991 498 4017 ι
517 3971 565 4021 isto
580 3969 659 4049 modo
675 3968 771 4032 poteris
786 3969 872 4029 plures
887 3967 1024 4028 quadratos
1040 3975 1162 4013 numeros
1179 3961 1294 4010 inuenire
1312 3977 1335 4010 ».

549 4073 568 4121 44
585 4075 706 4135 segnente
720 4082 796 4132 scgno
807 4081 845 4137 ’ά
861 4069 957 4120 trovaai
971 4077 1060 4129 presso
1076 4065 1101 4114 la
1117 4061 1199 4126 prlma
1213 4061 1300 4123 pamla
1317 4060 1343 4109 di
1359 4064 1450 4124 questo
1480 4072 1557 4120 passo

488 4174 529 4222 det
544 4173 639 4223 Codice
655 4137 1007 4231 Ambrosiano'sopraccitato
1023 4181 1038 4215 a
1055 4166 1155 4215 sinistra
1171 4164 1196 4213 di
1212 4162 1253 4212 chi
1270 4162 1356 4224 legge‚
1384 4161 1424 4209 nst
1441 4159 1556 4222 margine

489 4272 592 4322 laterata
609 4275 712 4322 esterno
728 4269 794 4318 della
812 4267 929 4317 suddetta
945 4272 1014 4316 carta
1030 4266 1060 4315 49
1076 4276 1146 4315 oerrc
1161 4261 1186 4312 di
1202 4265 1292 4324 questo
1308 4259 1410 4311 Codice.
1425 4259 1462 4311 Un
1477 4271 1558 4322 segne

407 4344 411 4351 Ι
490 4373 513 4421 at
529 4375 593 4422 tutto
610 4372 689 4422 simite
704 4369 798 4422 trorasi
815 4369 894 4419 anche
911 4368 1024 4429 soprato
1042 4371 1080 4416 tre
1101 4367 1183 4428 prime
1200 4365 1289 4416 lettere
1307 4362 1373 4414 della
1389 4363 1476 4424 parola
1491 4363 1558 4413 occi·

488 4473 556 4535 ptam
570 4474 636 4524 nella
652 4474 717 4523 linea
734 4476 801 4523 sesta
817 4470 884 4548 delta
900 4469 1035 4520 medesima
1052 4473 1121 4519 carta
1138 4468 1167 4517 49
1184 4481 1261 4518 corso.
