4175 5792
468 711 511 775 ll

534 854 682 921 Invenire
700 853 784 921 duos
795 873 960 932 numeros,
979 872 1123 942 quorum
1142 849 1296 940 quadrati
1313 848 1448 916 insimul
1459 846 1564 913 iuneti

467 980 586 1047 faciant
603 1003 779 1049 numerum
798 1000 863 1047 nou
882 979 1083 1070 quadratum
1093 979 1248 1068 ,lseotum
1266 1000 1307 1046 ex
1325 976 1565 1067 compositione

466 1107 609 1175 duorum
631 1108 871 1198 quadratorum
895 1106 1058 1176 laetorum
1077 1130 1118 1176 ex
1141 1105 1288 1175 numeris
1311 1105 1408 1174 datis.

532 1236 602 1303 Srut
624 1235 691 1303 duo
709 1235 778 1303 dati
802 1237 929 1303 numeri
945 1259 977 1324 9,
997 1236 1021 1302 d
1040 1234 1100 1328 (t),
1120 1255 1263 1325 quorum
1281 1232 1438 1322 quadrati
1465 1231 1565 1300 simul

468 1361 633 1429 coniuncti
647 1359 729 1428 liant
739 1384 913 1429 numerum
932 1384 950 1428 z
966 1381 1031 1428 uon
1045 1361 1266 1451 quadratum:
1284 1360 1362 1427 uolo
1376 1357 1463 1426 duos
1482 1356 1566 1425 alios

468 1507 622 1556 numeros
656 1487 816 1566 inuenire,
845 1510 988 1581 quorum
1022 1487 1176 1579 quadrati
1210 1487 1341 1556 insimul
1375 1486 1481 1554 iuneti
1520 1485 1565 1554 sa-

468 1618 557 1683 ciant
590 1638 765 1684 numerum
786 1639 815 1682 z.
850 1616 1028 1685 Adiaoeaut
1050 1615 1118 1684 duo
1148 1616 1277 1683 numeri
1303 1637 1325 1683 o
1349 1626 1381 1684 et
1414 1616 1455 1691 b,
1483 1633 1566 1704 quo

471 1765 545 1810 rum
567 1743 720 1832 quadrati
743 1745 911 1812 oouiuneti
945 1745 1066 1812 faciant
1102 1764 1278 1811 numerum
1301 1764 1317 1808 e
1339 1741 1566 1831 quadratum,

470 1870 600 1936 nonsit
623 1871 708 1938 sieut
739 1893 761 1959 9
793 1872 833 1939 ad
873 1877 893 1939 d
926 1873 971 1940 ita
1006 1893 1026 1938 a
1058 1870 1101 1938 ad
1134 1874 1172 1946 b,
1205 1883 1239 1938 et
1273 1870 1510 1958 multiplicetur
1548 1889 1565 1934 e

471 2016 529 2084 per
550 2018 584 2074 z,
607 1997 794 2086 egrediatur
815 2019 973 2066 uumerus
994 1997 1305 2086 i‚et1iuueuiautur
1326 1996 1393 2064 duo
1417 1997 1565 2093 numeri,

475 2143 619 2212 quorum
633 2125 784 2213 quadrati
797 2127 929 2194 insimul
940 2127 1106 2195 oouiuneti
1119 2126 1239 2193 iaciant
1249 2146 1424 2194 numerum
1438 2129 1466 2193 Ι.
1481 2126 1565 2193 Sint·

474 2272 538 2339 que
559 2273 596 2339 p,
614 2275 648 2341 q,
672 2253 704 2318 iu
723 2274 865 2344 quorum
889 2276 1043 2323 mensura
1059 2266 1225 2345 ponantur
1240 2265 1327 2323 reete
1345 2253 1367 2319 lc
1382 2254 1404 2331 l,
1421 2254 1432 2320 l
1452 2276 1486 2320 m
1505 2252 1567 2347 (2)

477 2376 635 2448 facientes
663 2382 821 2471 angulum
844 2394 984 2459 rectum,
1012 2385 1120 2473 ipsum
1138 2383 1344 2473 seilicet23qui
1371 2383 1437 2450 sub
1459 2382 1512 2450 Η
1533 2404 1566 2450 m

482 2507 658 2595 copuletur
673 2508 694 2572 lc
709 2510 837 2595 mlllrit
859 2531 936 2599 ergo
954 2511 975 2575 lr
995 2533 1027 2577 m
1049 2509 1142 2577 radix
1159 2511 1334 2598 numeris,
1352 2520 1385 2578 et
1401 2510 1568 2600 aooipiatu

480 2654 521 2699 ex
544 2635 563 2698 lr
583 2655 616 2698 m
640 2647 728 2702 reeta
750 2656 782 2700 m
803 2657 825 2702 n
848 2636 973 2726 equalis
988 2635 1090 2703 radici
1108 2637 1236 2703 numeri
1253 2656 1286 2711 z,
1301 2644 1334 2702 et
1352 2634 1568 2722 protrahatur

476 2759 658 2826 secundum
683 2772 809 2829 rectum
832 2764 987 2853 angulum
1014 2764 1101 2830 linea
1124 2786 1146 2829 n
1167 2787 1186 2831 ο
1207 2773 1240 2830 et
1261 2785 1278 2829 o
1302 2783 1349 2839 m,
1372 2772 1449 2829 sunt
1480 2771 1570 2829 reete

475 2886 649 2954 rationales
667 2887 821 2959 iacientes
833 2893 1053 2980 compositum
1070 2912 1110 2960 ex
1125 2891 1296 2982 quadratis
1307 2894 1453 2979 ipsorum
1466 2908 1569 2978 equa·

479 3012 543 3078 lem
568 3036 706 3084 numero
727 3040 757 3084 z.
776 3019 939 3097 Quoniam
952 3019 1086 3109 quidem
1108 3018 1291 3110 quadratus
1314 3027 1401 3085 reete
1425 3016 1444 3078 lr
1464 3014 1498 3083 in
1519 3024 1571 3083 est

477 3141 603 3229 eq'ualis
626 3165 764 3212 numero
781 3149 808 3223 Ι,
826 3157 859 3213 et
878 3169 1036 3216 numerus
1055 3151 1077 3213 I
1094 3159 1143 3216 est
1162 3148 1268 3215 iaetus
1286 3167 1327 3212 ex
1345 3166 1361 3211 e
1383 3145 1417 3211 iu
1438 3166 1472 3228 9,
1489 3163 1570 3234 ergo

476 3268 503 3333 si
527 3271 854 3359 multiplioauerimus
877 3274 1021 3343 radicem
1045 3275 1213 3343 numerio
1237 3296 1295 3364 per
1324 3272 1469 3341 radioem
1507 3294 1571 3339 nu-

476 3400 557 3465 meri
589 3421 629 3484 ρ,
667 3399 842 3470 habebitur
864 3404 969 3489 {radix
1003 3405 1130 3472 numeri
1152 3409 1185 3480 I,
1220 3403 1284 3469 hoo
1322 3413 1372 3469 est
1398 3423 1431 3468 m
1463 3402 1494 3466 lr.
1527 3400 1572 3465 Et

479 3526 556 3615 quia
584 3527 677 3594 radix
696 3532 824 3597 numeri
843 3551 858 3597 e
880 3541 928 3598 est
953 3532 1133 3609 rationalis,
1157 3532 1309 3623 quotiens
1331 3531 1441 3597 unitas
1463 3527 1573 3595 estin

479 3655 550 3742 ipsa
575 3655 696 3734 radice,
721 3661 840 3726 totiens
864 3659 956 3726 radix
978 3663 1107 3729 numeri
1129 3683 1164 3745 9,
1189 3658 1325 3748 hoolest
1345 3679 1378 3724 m
1395 3679 1443 3738 u,
1461 3668 1513 3725 est
1534 3656 1571 3723 iu

480 3794 568 3850 reeta
590 3806 623 3849 m
645 3786 676 3852 lc.
701 3787 748 3854 Sit
769 3794 888 3877 argos
918 3789 1011 3857 radix
1041 3790 1168 3857 numeri
1200 3811 1224 3855 e.
1261 3788 1370 3866 Quare
1401 3797 1451 3855 est
1484 3786 1573 3854 sieut

478 3911 588 3977 unitas
610 3911 651 3979 ad
675 3935 849 3982 numerum
871 3917 900 4003 s,
924 3918 1020 3984 itam
1041 3939 1064 3982 n
1087 3915 1129 3984 ad
1152 3938 1185 3983 m
1207 3918 1290 3993 lr,et
1313 3915 1398 3983 siout
1419 3933 1496 3979 mn
1518 3923 1571 3980 est

480 4035 578 4103 adm
610 4037 1573 4131 lc,itanoestadlrl‚etomadml;peraquale

481 4184 558 4253 ergo
580 4176 617 4233 ut
643 4167 752 4235 unitas
769 4168 1002 4236 adnumerum
1019 4174 1049 4254 f,
1068 4169 1317 4248 itanoadlcl,
1339 4182 1454 4237 etmo
1474 4167 1517 4235 ad
1537 4189 1573 4233 m

480 4289 500 4354 l.
537 4291 645 4369 Quare
675 4297 702 4362 si
727 4296 936 4365 diuiserimus
959 4296 980 4362 lc
1005 4297 1016 4362 l
1038 4319 1097 4387 per
1123 4319 1298 4365 numerum
1322 4299 1350 4386 f,
1382 4296 1577 4387 egredietur

560 4543 593 4604 rr,
611 4547 675 4595 van
692 4550 742 4613 rig.
759 4552 799 4599 ru.

552 4646 583 4709 (Ξ)
603 4650 666 4699 veui
683 4651 734 4712 Εἰς.
750 4649 789 4699 20.
