4175 5792
494 1430 619 1508 lituus
647 1433 711 1529 slus
739 1429 925 1509 Lmoordi
955 1431 1077 1531 biuolti
1102 1431 1229 1529 pisoni
1252 1455 1363 1530 super
1386 1432 1571 1511 solmioei-

574 1573 638 1651 bus
657 1576 903 1674 quorumdum
931 1575 1156 1675 questionum
1181 1577 1233 1652 od
1252 1587 1446 1654 munerum
1469 1587 1505 1655 et
1521 1580 1573 1655 od

574 1721 812 1819 yeometeiom
838 1723 898 1797 uel
924 1721 975 1797 od
1001 1728 1195 1820 utrumque
1218 1721 1492 1818 pertinentium.

563 2596 766 2670 lensensem,
786 2593 881 2662 beate
890 2606 983 2686 puter
996 2607 1029 2664 et
1044 2595 1176 2664 domine
1187 2595 1381 2664 uenerande.
1396 2596 1432 2661 R.
1445 2595 1495 2662 dei
1508 2616 1580 2684 gra-

497 2724 542 2790 tia
557 2710 619 2790 ff.
636 2706 711 2789 llus.
732 2720 768 2786 ln
780 2719 956 2788 Cosmidin.
969 2721 1052 2788 diae.
1069 2721 1163 2789 Card.
1178 2721 1378 2812 dignissime,
1390 2723 1478 2812 quod
1491 2743 1578 2790 meo·

496 2874 568 2920 ium
591 2872 728 2940 operum
746 2849 875 2940 oopium
895 2869 962 2917 oon
981 2851 1167 2938 preceptiue
1184 2851 1308 2927 saltim,
1326 2849 1415 2940 quod
1435 2871 1495 2917 uos
1511 2871 1578 2917 ma·
1650 2875 1655 2884 ·

493 2980 543 3068 gis
561 2978 712 3069 decebat,
730 2976 787 3046 sed
806 2977 996 3066 simpliciter
1013 2987 1124 3066 petere
1140 2978 1246 3044 fuistis
1261 2999 1320 3067 per
1337 2979 1461 3046 litteras
1472 2990 1580 3046 uestre
1654 2995 1656 3000 ’

495 3105 676 3172 sanctitutis
697 3094 842 3194 dignm
867 3101 1078 3170 nihilominus
1107 3115 1216 3172 tumen
1253 3106 1442 3193 petitionem
1474 3106 1578 3192 ipsam

495 3242 681 3299 reuerentes
700 3231 883 3319 suscipiens
906 3231 938 3298 iu
962 3230 1139 3308 mandatis,
1160 3252 1225 3298 non
1244 3232 1351 3301 sotum
1370 3248 1487 3330 patene
1501 3240 1580 3296 uoto

493 3370 603 3426 uestro
625 3358 741 3448 settegi
763 3358 915 3425 deuotiue
933 3358 967 3424 in
987 3357 1050 3425 hee
1066 3368 1177 3446 perte,
1195 3379 1311 3425 verum
1326 3359 1426 3425 etiam
1441 3355 1482 3424 de
1499 3377 1581 3446 que·

494 3484 644 3553 eumdum
664 3485 882 3553 solutionibus
897 3487 1107 3574 questionum
1124 3490 1144 3553 l
1161 3484 1360 3574 quibusdum
1377 3482 1579 3573 philosophis

493 3614 688 3680 serenissimi
709 3613 833 3679 domini
859 3612 920 3680 mei
943 3613 1086 3698 Cosanis,
1102 3623 1134 3680 et
1153 3612 1225 3700 alijs
1247 3633 1305 3700 pen
1327 3622 1476 3700 tempora
1500 3608 1579 3677 milii

492 3740 732 3826 oppositurum,
751 3752 783 3808 et
802 3740 944 3828 plurium
960 3761 1024 3830 que
1039 3739 1191 3807 subtilius
1208 3758 1309 3826 quam
1328 3739 1360 3802 in
1380 3735 1464 3803 libro
1479 3737 1579 3803 maio

493 3865 521 3928 ri
543 3863 585 3931 de
606 3885 764 3943 numero,
788 3888 886 3956 quem
909 3867 1100 3956 composui,
1122 3877 1199 3933 sunt
1212 3867 1334 3940 solute,
1351 3885 1390 3932 ae
1409 3864 1451 3931 de
1472 3862 1583 3928 multis

491 4011 575 4077 ques
588 3991 659 4078 ipse
671 4003 737 4058 met
749 3991 790 4058 ad
804 3993 911 4081 inuenj
923 4016 932 4075 3
942 4015 981 4062 ex
992 3992 1112 4060 diffuso
1122 3990 1255 4081 quidem
1269 3989 1476 4057 multitudine
1487 4007 1579 4054 com·

494 4119 599 4205 pileus
621 4117 710 4184 huno
732 4119 877 4187 libellum
894 4119 938 4187 ud
957 4118 1087 4186 laudem
1106 4129 1139 4186 et
1158 4118 1296 4206 gloriam
1320 4114 1461 4182 nominis
1480 4116 1580 4179 uestri

493 4247 711 4335 compositum
735 4245 848 4314 {lenem
872 4248 943 4316 ideo
968 4249 1056 4316 uolui
1078 4247 1215 4321 titulari,
1232 4246 1311 4333 quie
1329 4243 1383 4309 illa
1408 4242 1504 4308 nobis
1520 4241 1579 4346 llo-
1704 4309 1707 4312 ,

495 4372 564 4439 nida
586 4373 785 4440 Clerioorum
807 4374 965 4462 elegantia
990 4375 1192 4443 radiantibus
1213 4372 1348 4446 dictaui,
1367 4380 1465 4458 utque
1481 4373 1581 4439 etiam

493 4501 570 4586 quia
595 4500 636 4568 ibi
658 4501 811 4569 nonnulle
830 4511 906 4566 sunt
930 4500 1043 4568 lloride
1065 4519 1266 4588 quamquam
1291 4496 1422 4565 nodose.
1437 4500 1583 4586 apposite

1347 4629 1356 4670 s
