4175 5792
473 689 516 754 62

472 832 598 921 equalis
620 830 783 921 quadrato
806 832 862 921 qui
884 831 920 898 fit
935 833 954 897 a
970 850 1109 898 numero
1127 830 1195 916 d93
1211 829 1268 895 sed
1293 827 1324 893 id
1352 826 1442 915 quod
1467 824 1505 892 fit
1526 828 1567 892 ex'

471 957 573 1025 ductu
595 979 615 1026 o
640 961 657 1022 b
681 958 713 1023 in
738 961 756 1023 d
786 980 805 1040 p
828 959 1011 1046 quadratus
1037 966 1105 1033 εει,
1129 976 1206 1022 cum
1235 954 1387 1045 quadrati
1415 954 1482 1019 sint
1505 975 1566 1019 nu·

474 1086 553 1150 meri
572 1107 593 1152 a
619 1086 636 1150 d
658 1095 690 1151 et
709 1088 726 1147 b
745 1107 766 1172 9
780 1136 787 1161 ‚
807 1085 990 1173 quadratus
1008 1094 1058 1152 est
1077 1083 1176 1151 ctiam
1195 1081 1227 1147 id
1245 1080 1334 1170 quod
1355 1078 1391 1147 fit
1411 1084 1430 1146 a
1451 1099 1568 1146 nume-

475 1231 512 1278 ro
524 1216 544 1277 d
556 1216 590 1293 t,·
600 1223 633 1279 et
643 1213 690 1279 sic
703 1212 825 1278 inuenti
839 1222 916 1277 sunt
930 1211 996 1276 duo
1009 1211 1163 1299 quadrati
1180 1209 1334 1276 facientes
1347 1210 1564 1276 coniunctum

474 1359 514 1405 ex
531 1341 578 1406 eis
593 1338 793 1427 quadratum
816 1360 1005 1414 numerum,
1025 1340 1133 1427 ipsum
1156 1338 1307 1405 videlicet
1328 1338 1387 1426 qui
1410 1335 1447 1402 iit
1468 1340 1488 1403 a
1508 1357 1568 1404 nu·

475 1487 565 1534 mero
588 1471 608 1534 d
629 1491 669 1552 p,
691 1467 782 1556 quod
806 1467 1003 1556 opportebat
1026 1465 1143 1533 iacere.

541 1596 620 1663 Volo
633 1596 855 1663 demonstrare
869 1615 972 1685 quare
991 1616 1030 1661 ex
1046 1593 1196 1660 ordinata
1213 1595 1387 1682 imparium
1401 1594 1568 1661 collectio-

476 1745 530 1800 ne,
543 1723 586 1790 ab
600 1743 667 1790 uno
678 1722 861 1811 incipiendo
877 1724 909 1788 in
927 1720 1089 1788 infinitum
1105 1721 1291 1810 egrediatur
1303 1721 1455 1787 ordinata
1467 1721 1569 1789 series

478 1849 728 1938 quadratorum:
750 1849 919 1916 adiaceant
932 1850 1060 1916 numeri
1072 1849 1217 1915 continui
1230 1847 1273 1914 ab
1289 1849 1455 1915 unitateA
1474 1859 1570 1938 quot-

479 1998 620 2066 cumque
639 1979 657 2045 ὁ
672 2001 703 2067 p,
719 2001 740 2066 p
759 1979 790 2056 d,
803 1980 825 2044 d
839 2000 863 2053 c,
883 1999 938 2055 ez,
958 1999 975 2042 z
994 1979 1007 2042 i
1028 1976 1090 2066 (t)‚·
1110 1987 1142 2043 ct
1155 1987 1373 2064 componatur
1387 1980 1404 2041 b
1417 1998 1438 2064 p
1451 1997 1527 2043 cum
1541 1982 1567 2043 A

478 2104 619 2181 unitate,
653 2115 686 2172 et
718 2104 905 2222 egrediatqr
937 2124 1095 2171 numerus
1120 2113 1154 2181 t,·
1176 2102 1325 2169 similiter
1346 2114 1569 2192 componatur

478 2232 704 2321 unusquisque
719 2253 875 2299 numerus
890 2253 967 2298 cum
985 2249 1046 2301 suo
1067 2228 1279 2296 antecedente
1296 2239 1328 2295 et
1348 2249 1425 2294 cum
1443 2250 1506 2296 suo
1522 2249 1571 2295 sc-

478 2370 621 2449 quente,
647 2369 681 2426 et
701 2357 743 2425 sit
765 2358 967 2446 compositus
989 2378 1203 2423 numerorum
1228 2359 1245 2420 d
1268 2377 1288 2439 p
1313 2366 1345 2423 et
1366 2378 1387 2444 p
1414 2356 1438 2421 d
1458 2377 1572 2423 nume-

480 2507 536 2551 rus
558 2488 592 2562 it,
616 2506 829 2553 numerorum
853 2505 932 2552 uero
956 2507 974 2568 p
992 2485 1014 2550 d
1035 2495 1068 2551 et
1092 2487 1112 2550 d
1130 2506 1145 2550 e
1164 2505 1323 2551 numerus
1342 2485 1392 2558 L,
1417 2502 1574 2550 numero·

481 2634 554 2678 rum
577 2622 687 2679 autem
709 2613 731 2678 d
751 2633 767 2677 e
788 2621 820 2678 et
843 2632 893 2676 ez
916 2632 1073 2677 numerus
1095 2613 1145 2686 M,
1166 2611 1312 2698 ipsorum
1339 2609 1490 2676 videlicet
1514 2609 1574 2697 qui

481 2749 556 2803 sunt
574 2761 589 2803 e
607 2751 674 2806 zet
691 2763 709 2804 z
727 2742 908 2806 inumerus
920 2741 964 2807 N:
983 2737 1056 2805 dico
1068 2739 1211 2826 primum
1229 2758 1383 2806 numeros
1399 2749 1424 2815 t,
1443 2741 1472 2814 it,
1489 2741 1509 2810 1,
1527 2760 1571 2813 m,

480 2886 502 2928 n
519 2865 659 2952 impares
681 2888 765 2943 esse,
782 2876 814 2933 ct
832 2865 1004 2932 continuos
1020 2864 1063 2931 ab
1084 2865 1221 2946 unitate;
1238 2887 1396 2932 numerus
1411 2865 1500 2931 enim
1519 2887 1538 2930 z
1562 2867 1575 2929 ι’

481 3003 539 3057 aut
561 3013 621 3080 par
643 3009 692 3060 εει
714 3006 772 3060 aut
795 2996 915 3083 impar:
940 2995 968 3060 si
992 3015 1051 3082 par
1067 3005 1116 3061 est
1135 3016 1291 3061 numerus
1308 3016 1327 3058 z
1344 2996 1371 3071 i,
1392 2993 1501 3081 impar
1523 3003 1574 3061 est

482 3139 637 3188 numerus
659 3143 724 3199 ez,
740 3133 773 3190 et
792 3123 818 3188 si
841 3123 948 3210 impar
967 3132 1015 3188 est
1033 3142 1191 3187 numerus
1209 3143 1225 3185 z
1240 3123 1265 3195 ι’,
1280 3140 1338 3208 par
1349 3130 1397 3186 est
1416 3142 1576 3188 numerus

482 3267 545 3322 cz,
570 3248 716 3315 continui
730 3249 817 3315 enim
837 3259 922 3314 sunt.
942 3248 1051 3326 Quare
1066 3224 1268 3334 compositus
1282 3267 1498 3314 numerorum
1518 3269 1576 3327 cz,

478 3395 498 3436 z
516 3374 537 3446 i,
554 3374 676 3441 scilicet
691 3396 728 3450 n,
740 3386 789 3442 est
805 3375 920 3462 impar.
937 3373 1090 3439 Similiter
1108 3372 1333 3449 ostendemus,
1350 3374 1574 3461 compositum

483 3474 693 3565 n'umerorum
705 3503 725 3565 d
736 3521 761 3574 c,
774 3521 789 3564 e
800 3523 831 3573 z,
843 3499 966 3564 scilicet
977 3520 1021 3572 m,
1035 3503 1194 3586 imparem
1205 3519 1285 3565 esse.
1298 3498 1491 3587 Eodemque
1505 3518 1576 3566 mo-

485 3622 542 3699 do,
559 3645 714 3691 numeros
729 3625 741 3689 1
750 3628 769 3691 it
785 3636 796 3690 t
812 3626 953 3713 impares
964 3646 1034 3692 esse
1052 3625 1336 3692 monstrabuntur:
1348 3624 1423 3691 dico
1438 3624 1577 3714 quidem

486 3752 659 3818 continuos
683 3754 823 3841 impares
837 3774 909 3820 esse
924 3756 1159 3830 numerostdc,
1174 3753 1197 3828 l,
1215 3775 1260 3827 m,
1279 3775 1310 3818 n.
1330 3754 1378 3819 Ex
1397 3753 1576 3820 coniuncto

485 3876 618 3966 quidem
636 3899 680 3943 ez
696 3899 771 3944 cum
790 3881 835 3944 zi
850 3879 955 3946 iactus
974 3892 1023 3946 est
1042 3902 1199 3947 numerus
1217 3903 1249 3956 n,
1266 3890 1297 3947 et
1314 3881 1583 3950 exconiunctod

463 4012 501 4069 ἶε
519 4026 594 4070 cum
610 4027 626 4071 e
641 4030 674 4080 z,
694 4005 798 4073 iactus
808 4017 857 4073 est
876 4028 1032 4073 numerus
1044 4028 1085 4074 m.
1103 4007 1190 4086 Quot
1207 4027 1285 4097 crgo
1302 4007 1579 4097 superhabundat

486 4155 643 4200 numerus
661 4158 681 4199 z
701 4139 712 4199 i
730 4156 909 4202 numerum
927 4138 997 4211 dc,
1020 4144 1069 4201 tot
1087 4134 1356 4224 superhabundat
1376 4158 1534 4204 numerus
1554 4158 1579 4203 n

564 4409 594 4468 :n
611 4379 674 4459 veni
693 4411 745 4473 ng.
762 4412 800 4462 ro.
