<?xml version="1.0" encoding="UTF-8"?>
<!DOCTYPE html PUBLIC "-//W3C//DTD XHTML 1.0 Transitional//EN"
    "http://www.w3.org/TR/xhtml1/DTD/xhtml1-transitional.dtd">
<html xmlns="http://www.w3.org/1999/xhtml" xml:lang="en" lang="en">
 <head>
  <title>
</title>
<meta http-equiv="Content-Type" content="text/html;charset=utf-8" />
  <meta name='ocr-system' content='tesseract 3.04.00' />
  <meta name='ocr-capabilities' content='ocr_page ocr_carea ocr_par ocr_line ocrx_word'/>
</head>
<body>
  <div class='ocr_page' id='page_1' title='image "./opuscolidileona00fibogoog/opuscolidileona00fibogoog_0088.png"; bbox 0 0 4175 5792; ppageno 0'>
   <div class='ocr_carea' id='block_1_1' title="bbox 481 698 523 761">
    <p class='ocr_par' dir='ltr' id='par_1_1' title="bbox 481 698 523 761">
     <span class='ocr_line' id='line_1_1' title="bbox 481 698 523 761; baseline -0.048 0"><span class='ocrx_word' id='word_1_1' title='bbox 481 698 523 761; x_wconf 88' lang='grc'><strong>56</strong></span> 
     </span>
    </p>
   </div>
   <div class='ocr_carea' id='block_1_2' title="bbox 465 845 1620 3621">
    <p class='ocr_par' dir='ltr' id='par_1_2' title="bbox 473 845 1581 1831">
     <span class='ocr_line' id='line_1_2' title="bbox 480 845 1579 941; baseline 0.001 -30"><span class='ocrx_word' id='word_1_2' title='bbox 480 849 698 934; x_wconf 80' lang='lat' dir='ltr'><strong>proscriptam</strong></span> <span class='ocrx_word' id='word_1_3' title='bbox 733 845 822 941; x_wconf 88' lang='lat' dir='ltr'><strong>mihi</strong></span> <span class='ocrx_word' id='word_1_4' title='bbox 838 846 1039 936; x_wconf 83' lang='lat' dir='ltr'><strong>propositam</strong></span> <span class='ocrx_word' id='word_1_5' title='bbox 1064 847 1293 935; x_wconf 85' lang='lat' dir='ltr'>questionem,</span> <span class='ocrx_word' id='word_1_6' title='bbox 1320 846 1364 912; x_wconf 90' lang='lat' dir='ltr'><strong>ab</strong></span> <span class='ocrx_word' id='word_1_7' title='bbox 1387 867 1428 913; x_wconf 84' lang='lat' dir='ltr'><strong>ea</strong></span> <span class='ocrx_word' id='word_1_8' title='bbox 1449 850 1579 936; x_wconf 90' lang='lat' dir='ltr'><strong>sumpsi</strong></span> 
     </span>
     <span class='ocr_line' id='line_1_3' title="bbox 479 971 1581 1063; baseline 0.004 -24"><span class='ocrx_word' id='word_1_9' title='bbox 479 974 671 1049; x_wconf 85' lang='lat' dir='ltr'><strong>materiam,</strong></span> <span class='ocrx_word' id='word_1_10' title='bbox 696 985 835 1062; x_wconf 91' lang='lat' dir='ltr'><strong>etopus</strong></span> <span class='ocrx_word' id='word_1_11' title='bbox 860 973 965 1063; x_wconf 91' lang='lat' dir='ltr'><strong>incepi</strong></span> <span class='ocrx_word' id='word_1_12' title='bbox 998 972 1039 1039; x_wconf 92' lang='lat' dir='ltr'><strong>ad</strong></span> <span class='ocrx_word' id='word_1_13' title='bbox 1077 982 1227 1039; x_wconf 89' lang='lat' dir='ltr'><strong>uestrum</strong></span> <span class='ocrx_word' id='word_1_14' title='bbox 1251 971 1411 1040; x_wconf 88' lang='lat' dir='ltr'><strong>honorem</strong></span> <span class='ocrx_word' id='word_1_15' title='bbox 1434 972 1581 1043; x_wconf 86' lang='lat' dir='ltr'><strong>condere</strong></span> 
     </span>
     <span class='ocr_line' id='line_1_4' title="bbox 477 1100 1579 1190; baseline 0.001 -23"><span class='ocrx_word' id='word_1_16' title='bbox 477 1103 740 1190; x_wconf 77' lang='lat' dir='ltr'><strong>infrascriptum,</strong></span> <span class='ocrx_word' id='word_1_17' title='bbox 762 1100 853 1190; x_wconf 91' lang='lat' dir='ltr'><strong>quod</strong></span> <span class='ocrx_word' id='word_1_18' title='bbox 884 1102 997 1168; x_wconf 89' lang='lat' dir='ltr'><strong>uocari</strong></span> <span class='ocrx_word' id='word_1_19' title='bbox 1028 1101 1151 1167; x_wconf 89' lang='lat' dir='ltr'><strong>librum</strong></span> <span class='ocrx_word' id='word_1_20' title='bbox 1187 1101 1279 1168; x_wconf 94' lang='lat' dir='ltr'><strong>uolui</strong></span> <span class='ocrx_word' id='word_1_21' title='bbox 1309 1100 1579 1189; x_wconf 82' lang='lat' dir='ltr'><strong>quadratorum,</strong></span> 
     </span>
     <span class='ocr_line' id='line_1_5' title="bbox 478 1227 1580 1320; baseline -0.001 -22"><span class='ocrx_word' id='word_1_22' title='bbox 478 1233 607 1298; x_wconf 87' lang='lat' dir='ltr'><strong>ueniam</strong></span> <span class='ocrx_word' id='word_1_23' title='bbox 623 1231 794 1320; x_wconf 87' lang='lat' dir='ltr'><strong>postulans</strong></span> <span class='ocrx_word' id='word_1_24' title='bbox 813 1231 991 1319; x_wconf 82' lang='lat' dir='ltr'><strong>patienter,</strong></span> <span class='ocrx_word' id='word_1_25' title='bbox 1008 1231 1035 1296; x_wconf 90' lang='lat' dir='ltr'><strong>si</strong></span> <span class='ocrx_word' id='word_1_26' title='bbox 1053 1227 1132 1318; x_wconf 93' lang='lat' dir='ltr'><strong>quid</strong></span> <span class='ocrx_word' id='word_1_27' title='bbox 1152 1231 1185 1295; x_wconf 93' lang='lat' dir='ltr'><strong>in</strong></span> <span class='ocrx_word' id='word_1_28' title='bbox 1200 1229 1316 1298; x_wconf 84' lang='lat' dir='ltr'><strong>codem</strong></span> <span class='ocrx_word' id='word_1_29' title='bbox 1340 1230 1417 1319; x_wconf 89' lang='lat' dir='ltr'><strong>plus</strong></span> <span class='ocrx_word' id='word_1_30' title='bbox 1439 1231 1494 1298; x_wconf 91' lang='lat' dir='ltr'><strong>uel</strong></span> <span class='ocrx_word' id='word_1_31' title='bbox 1518 1232 1580 1297; x_wconf 90' lang='lat' dir='ltr'><strong>mi-</strong></span> 
     </span>
     <span class='ocr_line' id='line_1_6' title="bbox 476 1357 1579 1434; baseline 0.002 -9"><span class='ocrx_word' id='word_1_32' title='bbox 476 1382 538 1425; x_wconf 90' lang='lat' dir='ltr'><strong>nus</strong></span> <span class='ocrx_word' id='word_1_33' title='bbox 554 1360 641 1426; x_wconf 89' lang='lat' dir='ltr'><strong>iusto</strong></span> <span class='ocrx_word' id='word_1_34' title='bbox 660 1360 714 1427; x_wconf 92' lang='lat' dir='ltr'><strong>uel</strong></span> <span class='ocrx_word' id='word_1_35' title='bbox 737 1359 924 1426; x_wconf 90' lang='lat' dir='ltr'><strong>necessario</strong></span> <span class='ocrx_word' id='word_1_36' title='bbox 949 1358 1151 1434; x_wconf 88' lang='lat' dir='ltr'><strong>continetur,</strong></span> <span class='ocrx_word' id='word_1_37' title='bbox 1174 1379 1250 1425; x_wconf 91' lang='lat' dir='ltr'><strong>oum</strong></span> <span class='ocrx_word' id='word_1_38' title='bbox 1274 1359 1425 1425; x_wconf 89' lang='lat' dir='ltr'><strong>omnium</strong></span> <span class='ocrx_word' id='word_1_39' title='bbox 1452 1357 1579 1427; x_wconf 85' lang='lat' dir='ltr'><strong>babere</strong></span> 
     </span>
     <span class='ocr_line' id='line_1_7' title="bbox 475 1486 1578 1577; baseline 0.001 -24"><span class='ocrx_word' id='word_1_40' title='bbox 475 1490 681 1568; x_wconf 88' lang='lat' dir='ltr'><strong>memoriam,</strong></span> <span class='ocrx_word' id='word_1_41' title='bbox 712 1500 744 1557; x_wconf 92' lang='lat' dir='ltr'><strong>et</strong></span> <span class='ocrx_word' id='word_1_42' title='bbox 777 1490 810 1554; x_wconf 89' lang='lat' dir='ltr'><strong>in</strong></span> <span class='ocrx_word' id='word_1_43' title='bbox 843 1486 936 1556; x_wconf 90' lang='lat' dir='ltr'><strong>nullo</strong></span> <span class='ocrx_word' id='word_1_44' title='bbox 973 1507 1136 1577; x_wconf 85' lang='lat' dir='ltr'><strong>peccare,</strong></span> <span class='ocrx_word' id='word_1_45' title='bbox 1169 1489 1211 1555; x_wconf 88' lang='lat' dir='ltr'><strong>sit</strong></span> <span class='ocrx_word' id='word_1_46' title='bbox 1245 1486 1429 1554; x_wconf 85' lang='lat' dir='ltr'><strong>diuinitatis</strong></span> <span class='ocrx_word' id='word_1_47' title='bbox 1464 1489 1578 1575; x_wconf 88' lang='lat' dir='ltr'><strong>potius</strong></span> 
     </span>
     <span class='ocr_line' id='line_1_8' title="bbox 473 1614 1578 1706; baseline 0.002 -24"><span class='ocrx_word' id='word_1_48' title='bbox 473 1637 575 1704; x_wconf 91' lang='lat' dir='ltr'><strong>quam</strong></span> <span class='ocrx_word' id='word_1_49' title='bbox 598 1615 836 1694; x_wconf 85' lang='lat' dir='ltr'><strong>humanitatis,</strong></span> <span class='ocrx_word' id='word_1_50' title='bbox 862 1629 896 1686; x_wconf 89' lang='lat' dir='ltr'><strong>et</strong></span> <span class='ocrx_word' id='word_1_51' title='bbox 919 1637 1015 1686; x_wconf 89' lang='lat' dir='ltr'><strong>nemo</strong></span> <span class='ocrx_word' id='word_1_52' title='bbox 1038 1619 1082 1685; x_wconf 87' lang='lat' dir='ltr'><strong>sit</strong></span> <span class='ocrx_word' id='word_1_53' title='bbox 1104 1617 1186 1685; x_wconf 90' lang='lat' dir='ltr'><strong>uitio</strong></span> <span class='ocrx_word' id='word_1_54' title='bbox 1211 1636 1347 1692; x_wconf 85' lang='lat' dir='ltr'><strong>carens,</strong></span> <span class='ocrx_word' id='word_1_55' title='bbox 1371 1625 1404 1682; x_wconf 88' lang='lat' dir='ltr'><strong>et</strong></span> <span class='ocrx_word' id='word_1_56' title='bbox 1427 1614 1578 1706; x_wconf 89' lang='lat' dir='ltr'><strong>undique</strong></span> 
     </span>
     <span class='ocr_line' id='line_1_9' title="bbox 473 1744 744 1831; baseline 0.011 -24"><span class='ocrx_word' id='word_1_57' title='bbox 473 1744 744 1831; x_wconf 90' lang='lat' dir='ltr'><strong>circumspectus.</strong></span> 
     </span>
    </p>

    <p class='ocr_par' dir='ltr' id='par_1_3' title="bbox 465 1869 1620 3621">
     <span class='ocr_line' id='line_1_10' title="bbox 538 1869 1620 1965; baseline 0.004 -28"><span class='ocrx_word' id='word_1_58' title='bbox 538 1869 746 1939; x_wconf 77' lang='lat' dir='ltr'><strong>Consronarvr</strong></span> <span class='ocrx_word' id='word_1_59' title='bbox 768 1893 868 1960; x_wconf 89' lang='lat' dir='ltr'><strong>super</strong></span> <span class='ocrx_word' id='word_1_60' title='bbox 891 1873 1050 1961; x_wconf 80' lang='lat' dir='ltr'><strong>originem</strong></span> <span class='ocrx_word' id='word_1_61' title='bbox 1072 1872 1219 1938; x_wconf 89' lang='lat' dir='ltr'><strong>omnium</strong></span> <span class='ocrx_word' id='word_1_62' title='bbox 1238 1870 1498 1960; x_wconf 83' lang='lat' dir='ltr'><strong>quodratrorum</strong></span> <span class='ocrx_word' id='word_1_63' title='bbox 1515 1893 1575 1941; x_wconf 93' lang='lat' dir='ltr'><strong>nu·</strong></span> <span class='ocrx_word' id='word_1_64' title='bbox 1616 1958 1620 1965; x_wconf 85' lang='lat'><strong>.</strong></span> 
     </span>
     <span class='ocr_line' id='line_1_11' title="bbox 472 1997 1574 2089; baseline 0.004 -27"><span class='ocrx_word' id='word_1_65' title='bbox 472 2018 660 2074; x_wconf 91' lang='lat' dir='ltr'><strong>merorum,</strong></span> <span class='ocrx_word' id='word_1_66' title='bbox 694 2010 726 2065; x_wconf 86' lang='lat' dir='ltr'><strong>et</strong></span> <span class='ocrx_word' id='word_1_67' title='bbox 750 2000 859 2065; x_wconf 89' lang='lat' dir='ltr'><strong>inueni</strong></span> <span class='ocrx_word' id='word_1_68' title='bbox 894 2000 998 2088; x_wconf 89' lang='lat' dir='ltr'><strong>ipsam</strong></span> <span class='ocrx_word' id='word_1_69' title='bbox 1022 1997 1133 2088; x_wconf 81' lang='lat' dir='ltr'><strong>egredi</strong></span> <span class='ocrx_word' id='word_1_70' title='bbox 1156 2020 1196 2065; x_wconf 81' lang='lat' dir='ltr'><strong>ex</strong></span> <span class='ocrx_word' id='word_1_71' title='bbox 1220 1998 1370 2066; x_wconf 89' lang='lat' dir='ltr'><strong>ordinata</strong></span> <span class='ocrx_word' id='word_1_72' title='bbox 1394 1999 1574 2089; x_wconf 89' lang='lat' dir='ltr'><strong>imparium</strong></span> 
     </span>
     <span class='ocr_line' id='line_1_12' title="bbox 471 2125 1574 2216; baseline 0.005 -27"><span class='ocrx_word' id='word_1_73' title='bbox 471 2125 669 2191; x_wconf 87' lang='lat' dir='ltr'><strong>ascensione.</strong></span> <span class='ocrx_word' id='word_1_74' title='bbox 693 2127 774 2191; x_wconf 88' lang='lat' dir='ltr'><strong>Nam</strong></span> <span class='ocrx_word' id='word_1_75' title='bbox 801 2126 910 2192; x_wconf 89' lang='lat' dir='ltr'><strong>unitas</strong></span> <span class='ocrx_word' id='word_1_76' title='bbox 932 2126 1099 2216; x_wconf 85' lang='lat' dir='ltr'><strong>quadrata</strong></span> <span class='ocrx_word' id='word_1_77' title='bbox 1122 2136 1196 2202; x_wconf 87' lang='lat' dir='ltr'><strong>est,</strong></span> <span class='ocrx_word' id='word_1_78' title='bbox 1219 2138 1252 2192; x_wconf 91' lang='lat' dir='ltr'><strong>et</strong></span> <span class='ocrx_word' id='word_1_79' title='bbox 1273 2147 1314 2194; x_wconf 81' lang='lat' dir='ltr'><strong>ax</strong></span> <span class='ocrx_word' id='word_1_80' title='bbox 1339 2127 1410 2215; x_wconf 87' lang='lat' dir='ltr'><strong>ipsa</strong></span> <span class='ocrx_word' id='word_1_81' title='bbox 1433 2125 1574 2194; x_wconf 87' lang='lat' dir='ltr'><strong>efficitur</strong></span> 
     </span>
     <span class='ocr_line' id='line_1_13' title="bbox 472 2252 1574 2342; baseline 0.005 -26"><span class='ocrx_word' id='word_1_82' title='bbox 472 2252 597 2340; x_wconf 90' lang='lat' dir='ltr'><strong>primus</strong></span> <span class='ocrx_word' id='word_1_83' title='bbox 622 2252 831 2342; x_wconf 88' lang='lat' dir='ltr'><strong>quadratus,</strong></span> <span class='ocrx_word' id='word_1_84' title='bbox 851 2255 977 2322; x_wconf 91' lang='lat' dir='ltr'><strong>scilicet</strong></span> <span class='ocrx_word' id='word_1_85' title='bbox 999 2276 1119 2331; x_wconf 91' lang='lat' dir='ltr'><strong>unum,</strong></span> <span class='ocrx_word' id='word_1_86' title='bbox 1140 2255 1194 2322; x_wconf 90' lang='lat' dir='ltr'><strong>cui</strong></span> <span class='ocrx_word' id='word_1_87' title='bbox 1217 2253 1336 2320; x_wconf 89' lang='lat' dir='ltr'><strong>unitati</strong></span> <span class='ocrx_word' id='word_1_88' title='bbox 1360 2252 1475 2320; x_wconf 90' lang='lat' dir='ltr'><strong>addito</strong></span> <span class='ocrx_word' id='word_1_89' title='bbox 1512 2265 1574 2322; x_wconf 90' lang='lat' dir='ltr'><strong>ter-</strong></span> 
     </span>
     <span class='ocr_line' id='line_1_14' title="bbox 470 2377 1572 2470; baseline 0.005 -26"><span class='ocrx_word' id='word_1_90' title='bbox 470 2380 562 2446; x_wconf 90' lang='lat' dir='ltr'><strong>nario</strong></span> <span class='ocrx_word' id='word_1_91' title='bbox 587 2379 663 2448; x_wconf 88' lang='lat' dir='ltr'><strong>lacit</strong></span> <span class='ocrx_word' id='word_1_92' title='bbox 686 2382 869 2449; x_wconf 90' lang='lat' dir='ltr'><strong>secundum</strong></span> <span class='ocrx_word' id='word_1_93' title='bbox 893 2381 1111 2470; x_wconf 87' lang='lat' dir='ltr'><strong>quadratum,</strong></span> <span class='ocrx_word' id='word_1_94' title='bbox 1135 2381 1260 2448; x_wconf 90' lang='lat' dir='ltr'><strong>scilicet</strong></span> <span class='ocrx_word' id='word_1_95' title='bbox 1283 2382 1326 2458; x_wconf 74' lang='lat' dir='ltr'><strong>l,</strong></span> <span class='ocrx_word' id='word_1_96' title='bbox 1357 2381 1454 2448; x_wconf 91' lang='lat' dir='ltr'><strong>cuius</strong></span> <span class='ocrx_word' id='word_1_97' title='bbox 1477 2377 1572 2450; x_wconf 69' lang='lat' dir='ltr'><strong>radix&#39;</strong></span> 
     </span>
     <span class='ocr_line' id='line_1_15' title="bbox 469 2509 1571 2599; baseline 0.002 -24"><span class='ocrx_word' id='word_1_98' title='bbox 469 2520 518 2576; x_wconf 92' lang='lat' dir='ltr'><strong>est</strong></span> <span class='ocrx_word' id='word_1_99' title='bbox 540 2512 573 2586; x_wconf 75' lang='lat'><strong>2,</strong></span> <span class='ocrx_word' id='word_1_100' title='bbox 597 2512 651 2576; x_wconf 91' lang='lat' dir='ltr'><strong>oui</strong></span> <span class='ocrx_word' id='word_1_101' title='bbox 672 2512 772 2577; x_wconf 88' lang='lat' dir='ltr'><strong>etiarn</strong></span> <span class='ocrx_word' id='word_1_102' title='bbox 796 2509 953 2576; x_wconf 88' lang='lat' dir='ltr'><strong>additioni</strong></span> <span class='ocrx_word' id='word_1_103' title='bbox 978 2511 1005 2577; x_wconf 86' lang='lat' dir='ltr'><strong>si</strong></span> <span class='ocrx_word' id='word_1_104' title='bbox 1025 2509 1167 2576; x_wconf 85' lang='lat' dir='ltr'><strong>addatur</strong></span> <span class='ocrx_word' id='word_1_105' title='bbox 1190 2511 1305 2578; x_wconf 90' lang='lat' dir='ltr'><strong>tertius</strong></span> <span class='ocrx_word' id='word_1_106' title='bbox 1328 2510 1437 2599; x_wconf 89' lang='lat' dir='ltr'><strong>impar</strong></span> <span class='ocrx_word' id='word_1_107' title='bbox 1455 2531 1571 2578; x_wconf 91' lang='lat' dir='ltr'><strong>nume-</strong></span> 
     </span>
     <span class='ocr_line' id='line_1_16' title="bbox 470 2637 1570 2726; baseline 0.001 -22"><span class='ocrx_word' id='word_1_108' title='bbox 470 2657 544 2714; x_wconf 90' lang='lat' dir='ltr'><strong>rus,</strong></span> <span class='ocrx_word' id='word_1_109' title='bbox 569 2638 698 2704; x_wconf 88' lang='lat' dir='ltr'><strong>scilicet·</strong></span> <span class='ocrx_word' id='word_1_110' title='bbox 716 2641 749 2714; x_wconf 89' lang='lat'><strong>5,</strong></span> <span class='ocrx_word' id='word_1_111' title='bbox 771 2641 888 2706; x_wconf 90' lang='lat' dir='ltr'><strong>tertius</strong></span> <span class='ocrx_word' id='word_1_112' title='bbox 911 2637 1095 2726; x_wconf 87' lang='lat' dir='ltr'><strong>quadratus</strong></span> <span class='ocrx_word' id='word_1_113' title='bbox 1111 2637 1362 2726; x_wconf 82' lang='lat' dir='ltr'><strong>procreabitur,</strong></span> <span class='ocrx_word' id='word_1_114' title='bbox 1386 2637 1513 2705; x_wconf 85' lang='lat' dir='ltr'><strong>scilicet</strong></span> <span class='ocrx_word' id='word_1_115' title='bbox 1535 2640 1570 2716; x_wconf 88' lang='grc'><strong>9,</strong></span> 
     </span>
     <span class='ocr_line' id='line_1_17' title="bbox 469 2764 1570 2856; baseline 0.001 -25"><span class='ocrx_word' id='word_1_116' title='bbox 469 2766 565 2831; x_wconf 91' lang='lat' dir='ltr'><strong>cuius</strong></span> <span class='ocrx_word' id='word_1_117' title='bbox 582 2764 676 2831; x_wconf 81' lang='lat' dir='ltr'><strong>radix</strong></span> <span class='ocrx_word' id='word_1_118' title='bbox 694 2777 744 2834; x_wconf 90' lang='lat' dir='ltr'><strong>est</strong></span> <span class='ocrx_word' id='word_1_119' title='bbox 766 2769 801 2844; x_wconf 88' lang='lat'><strong>3,</strong></span> <span class='ocrx_word' id='word_1_120' title='bbox 825 2776 859 2833; x_wconf 91' lang='lat' dir='ltr'><strong>et</strong></span> <span class='ocrx_word' id='word_1_121' title='bbox 880 2768 927 2833; x_wconf 90' lang='lat' dir='ltr'><strong>sic</strong></span> <span class='ocrx_word' id='word_1_122' title='bbox 950 2787 1080 2854; x_wconf 89' lang='lat' dir='ltr'><strong>semper</strong></span> <span class='ocrx_word' id='word_1_123' title='bbox 1103 2786 1161 2856; x_wconf 92' lang='lat' dir='ltr'><strong>per</strong></span> <span class='ocrx_word' id='word_1_124' title='bbox 1184 2765 1369 2832; x_wconf 90' lang='lat' dir='ltr'><strong>ordinatam</strong></span> <span class='ocrx_word' id='word_1_125' title='bbox 1390 2766 1570 2854; x_wconf 89' lang='lat' dir='ltr'><strong>imparium</strong></span> 
     </span>
     <span class='ocr_line' id='line_1_18' title="bbox 469 2891 1568 2983; baseline -0.001 -25"><span class='ocrx_word' id='word_1_126' title='bbox 469 2891 694 2959; x_wconf 86' lang='lat' dir='ltr'><strong>collectionem</strong></span> <span class='ocrx_word' id='word_1_127' title='bbox 729 2893 882 2960; x_wconf 89' lang='lat' dir='ltr'><strong>ordinata</strong></span> <span class='ocrx_word' id='word_1_128' title='bbox 916 2895 1088 2982; x_wconf 82' lang='lat' dir='ltr'><strong>consurgit</strong></span> <span class='ocrx_word' id='word_1_129' title='bbox 1117 2904 1151 2961; x_wconf 91' lang='lat' dir='ltr'><strong>et</strong></span> <span class='ocrx_word' id='word_1_130' title='bbox 1183 2895 1282 2961; x_wconf 90' lang='lat' dir='ltr'><strong>series</strong></span> <span class='ocrx_word' id='word_1_131' title='bbox 1315 2893 1568 2983; x_wconf 72' lang='lat' dir='ltr'><strong>quadratorum,</strong></span> 
     </span>
     <span class='ocr_line' id='line_1_19' title="bbox 468 3020 1570 3111; baseline -0.001 -24"><span class='ocrx_word' id='word_1_132' title='bbox 468 3020 558 3087; x_wconf 89' lang='lat' dir='ltr'><strong>Vnde</strong></span> <span class='ocrx_word' id='word_1_133' title='bbox 581 3040 657 3087; x_wconf 91' lang='lat' dir='ltr'><strong>curn</strong></span> <span class='ocrx_word' id='word_1_134' title='bbox 682 3021 836 3089; x_wconf 91' lang='lat' dir='ltr'><strong>uolumus</strong></span> <span class='ocrx_word' id='word_1_135' title='bbox 860 3023 923 3088; x_wconf 61' lang='lat'><strong>119·</strong></span> <span class='ocrx_word' id='word_1_136' title='bbox 942 3023 1126 3111; x_wconf 86' lang='lat' dir='ltr'><strong>quadratos</strong></span> <span class='ocrx_word' id='word_1_137' title='bbox 1137 3041 1293 3089; x_wconf 88' lang='lat' dir='ltr'><strong>numeros</strong></span> <span class='ocrx_word' id='word_1_138' title='bbox 1309 3021 1470 3095; x_wconf 91' lang='lat' dir='ltr'><strong>inuenire,</strong></span> <span class='ocrx_word' id='word_1_139' title='bbox 1486 3040 1570 3110; x_wconf 92' lang='lat' dir='ltr'><strong>quo-</strong></span> 
     </span>
     <span class='ocr_line' id='line_1_20' title="bbox 467 3149 1569 3240; baseline 0.001 -26"><span class='ocrx_word' id='word_1_140' title='bbox 467 3171 541 3217; x_wconf 90' lang='lat' dir='ltr'><strong>rum</strong></span> <span class='ocrx_word' id='word_1_141' title='bbox 566 3149 689 3217; x_wconf 90' lang='lat' dir='ltr'><strong>additio</strong></span> <span class='ocrx_word' id='word_1_142' title='bbox 724 3150 822 3217; x_wconf 80' lang='lat' dir='ltr'><strong>iaciat</strong></span> <span class='ocrx_word' id='word_1_143' title='bbox 845 3150 1048 3240; x_wconf 89' lang='lat' dir='ltr'><strong>quadratum</strong></span> <span class='ocrx_word' id='word_1_144' title='bbox 1078 3173 1276 3223; x_wconf 88' lang='lat' dir='ltr'><strong>numerum,</strong></span> <span class='ocrx_word' id='word_1_145' title='bbox 1303 3151 1465 3239; x_wconf 89' lang='lat' dir='ltr'><strong>accipiam</strong></span> <span class='ocrx_word' id='word_1_146' title='bbox 1484 3170 1569 3239; x_wconf 85' lang='lat' dir='ltr'><strong>qua·</strong></span> 
     </span>
     <span class='ocr_line' id='line_1_21' title="bbox 467 3277 1567 3369; baseline 0.001 -26"><span class='ocrx_word' id='word_1_147' title='bbox 467 3278 531 3345; x_wconf 91' lang='lat' dir='ltr'><strong>lem</strong></span> <span class='ocrx_word' id='word_1_148' title='bbox 551 3280 689 3347; x_wconf 88' lang='lat' dir='ltr'><strong>uoluero</strong></span> <span class='ocrx_word' id='word_1_149' title='bbox 712 3277 912 3369; x_wconf 89' lang='lat' dir='ltr'><strong>quadratum</strong></span> <span class='ocrx_word' id='word_1_150' title='bbox 944 3280 1126 3367; x_wconf 86' lang='lat' dir='ltr'><strong>imparem,</strong></span> <span class='ocrx_word' id='word_1_151' title='bbox 1155 3289 1188 3344; x_wconf 92' lang='lat' dir='ltr'><strong>et</strong></span> <span class='ocrx_word' id='word_1_152' title='bbox 1211 3277 1341 3344; x_wconf 88' lang='lat' dir='ltr'><strong>habebo</strong></span> <span class='ocrx_word' id='word_1_153' title='bbox 1365 3278 1475 3365; x_wconf 89' lang='lat' dir='ltr'><strong>ipsum</strong></span> <span class='ocrx_word' id='word_1_154' title='bbox 1505 3297 1567 3366; x_wconf 93' lang='lat' dir='ltr'><strong>pro</strong></span> 
     </span>
     <span class='ocr_line' id='line_1_22' title="bbox 467 3405 1568 3494; baseline -0.002 -21"><span class='ocrx_word' id='word_1_155' title='bbox 467 3427 533 3473; x_wconf 90' lang='lat' dir='ltr'><strong>uno</strong></span> <span class='ocrx_word' id='word_1_156' title='bbox 557 3429 596 3473; x_wconf 81' lang='lat' dir='ltr'><strong>ex</strong></span> <span class='ocrx_word' id='word_1_157' title='bbox 618 3406 751 3474; x_wconf 88' lang='lat' dir='ltr'><strong>duobus</strong></span> <span class='ocrx_word' id='word_1_158' title='bbox 777 3406 874 3473; x_wconf 89' lang='lat' dir='ltr'><strong>dictis</strong></span> <span class='ocrx_word' id='word_1_159' title='bbox 905 3405 1092 3494; x_wconf 86' lang='lat' dir='ltr'><strong>quadratis,</strong></span> <span class='ocrx_word' id='word_1_160' title='bbox 1129 3405 1292 3494; x_wconf 90' lang='lat' dir='ltr'><strong>reliquum</strong></span> <span class='ocrx_word' id='word_1_161' title='bbox 1323 3405 1493 3472; x_wconf 87' lang='lat' dir='ltr'><strong>inueniam</strong></span> <span class='ocrx_word' id='word_1_162' title='bbox 1527 3426 1568 3472; x_wconf 85' lang='lat' dir='ltr'><strong>ex</strong></span> 
     </span>
     <span class='ocr_line' id='line_1_23' title="bbox 465 3531 1566 3621; baseline 0.004 -25"><span class='ocrx_word' id='word_1_163' title='bbox 465 3531 658 3598; x_wconf 87' lang='lat' dir='ltr'><strong>collectione</strong></span> <span class='ocrx_word' id='word_1_164' title='bbox 681 3533 828 3598; x_wconf 89' lang='lat' dir='ltr'><strong>omnium</strong></span> <span class='ocrx_word' id='word_1_165' title='bbox 853 3534 1042 3621; x_wconf 87' lang='lat' dir='ltr'><strong>imparium,</strong></span> <span class='ocrx_word' id='word_1_166' title='bbox 1066 3533 1220 3621; x_wconf 89' lang='lat' dir='ltr'><strong>quisunt</strong></span> <span class='ocrx_word' id='word_1_167' title='bbox 1245 3533 1288 3599; x_wconf 88' lang='lat' dir='ltr'><strong>ab</strong></span> <span class='ocrx_word' id='word_1_168' title='bbox 1310 3533 1434 3600; x_wconf 85' lang='lat' dir='ltr'><strong>unitate</strong></span> <span class='ocrx_word' id='word_1_169' title='bbox 1458 3553 1566 3621; x_wconf 85' lang='lat' dir='ltr'><strong>usquo</strong></span> 
     </span>
    </p>
   </div>
   <div class='ocr_carea' id='block_1_3' title="bbox 466 3634 1563 3750">
    <p class='ocr_par' dir='ltr' id='par_1_4' title="bbox 466 3634 1563 3750">
     <span class='ocr_line' id='line_1_24' title="bbox 466 3634 1563 3750; baseline -0.001 -25"><span class='ocrx_word' id='word_1_170' title='bbox 466 3658 509 3725; x_wconf 88' lang='lat' dir='ltr'><strong>ad</strong></span> <span class='ocrx_word' id='word_1_171' title='bbox 533 3660 640 3747; x_wconf 89' lang='lat' dir='ltr'><strong>ipsum</strong></span> <span class='ocrx_word' id='word_1_172' title='bbox 664 3658 865 3748; x_wconf 88' lang='lat' dir='ltr'><strong>quadratum</strong></span> <span class='ocrx_word' id='word_1_173' title='bbox 894 3634 1063 3750; x_wconf 74' lang='lat' dir='ltr'><strong>imparem.</strong></span> <span class='ocrx_word' id='word_1_174' title='bbox 1090 3660 1185 3727; x_wconf 87' lang='lat' dir='ltr'><strong>Verbi</strong></span> <span class='ocrx_word' id='word_1_175' title='bbox 1210 3661 1333 3749; x_wconf 81' lang='lat' dir='ltr'><strong>gratia,</strong></span> <span class='ocrx_word' id='word_1_176' title='bbox 1356 3660 1518 3747; x_wconf 87' lang='lat' dir='ltr'><strong>accipiam</strong></span> <span class='ocrx_word' id='word_1_177' title='bbox 1542 3659 1563 3724; x_wconf 90' lang='grc'>9</span> 
     </span>
    </p>
   </div>
   <div class='ocr_carea' id='block_1_4' title="bbox 463 3785 1564 4516">
    <p class='ocr_par' dir='ltr' id='par_1_5' title="bbox 463 3785 1564 4516">
     <span class='ocr_line' id='line_1_25' title="bbox 466 3785 1564 3879; baseline -0.001 -26"><span class='ocrx_word' id='word_1_178' title='bbox 466 3806 527 3875; x_wconf 94' lang='lat' dir='ltr'><strong>pro</strong></span> <span class='ocrx_word' id='word_1_179' title='bbox 550 3806 617 3853; x_wconf 92' lang='lat' dir='ltr'><strong>uno</strong></span> <span class='ocrx_word' id='word_1_180' title='bbox 640 3807 680 3852; x_wconf 86' lang='lat' dir='ltr'><strong>ex</strong></span> <span class='ocrx_word' id='word_1_181' title='bbox 703 3786 799 3853; x_wconf 88' lang='lat' dir='ltr'><strong>dictis</strong></span> <span class='ocrx_word' id='word_1_182' title='bbox 822 3787 954 3856; x_wconf 91' lang='lat' dir='ltr'><strong>duobus</strong></span> <span class='ocrx_word' id='word_1_183' title='bbox 976 3789 1170 3879; x_wconf 87' lang='lat' dir='ltr'><strong>quadratis,</strong></span> <span class='ocrx_word' id='word_1_184' title='bbox 1204 3788 1350 3878; x_wconf 89' lang='lat' dir='ltr'><strong>reliquus</strong></span> <span class='ocrx_word' id='word_1_185' title='bbox 1383 3785 1564 3854; x_wconf 88' lang='lat' dir='ltr'><strong>habebitur</strong></span> 
     </span>
     <span class='ocr_line' id='line_1_26' title="bbox 465 3914 1562 4011; baseline -0.003 -29"><span class='ocrx_word' id='word_1_186' title='bbox 465 3937 506 3982; x_wconf 86' lang='lat' dir='ltr'><strong>ex</strong></span> <span class='ocrx_word' id='word_1_187' title='bbox 528 3914 719 3981; x_wconf 90' lang='lat' dir='ltr'><strong>collectione</strong></span> <span class='ocrx_word' id='word_1_188' title='bbox 741 3916 889 3982; x_wconf 91' lang='lat' dir='ltr'><strong>omniurn</strong></span> <span class='ocrx_word' id='word_1_189' title='bbox 908 3918 1083 4006; x_wconf 89' lang='lat' dir='ltr'><strong>imparium</strong></span> <span class='ocrx_word' id='word_1_190' title='bbox 1110 3917 1168 4005; x_wconf 92' lang='lat' dir='ltr'><strong>qui</strong></span> <span class='ocrx_word' id='word_1_191' title='bbox 1191 3926 1268 3982; x_wconf 92' lang='lat' dir='ltr'><strong>sunt</strong></span> <span class='ocrx_word' id='word_1_192' title='bbox 1290 3915 1353 3982; x_wconf 91' lang='lat' dir='ltr'><strong>sub</strong></span> <span class='ocrx_word' id='word_1_193' title='bbox 1369 3918 1411 3989; x_wconf 86' lang='grc'><strong>9,</strong></span> <span class='ocrx_word' id='word_1_194' title='bbox 1435 3914 1562 4011; x_wconf 88' lang='lat' dir='ltr'><strong>scilicet</strong></span> 
     </span>
     <span class='ocr_line' id='line_1_27' title="bbox 466 4041 1562 4131; baseline 0.001 -24"><span class='ocrx_word' id='word_1_195' title='bbox 466 4041 507 4109; x_wconf 89' lang='lat' dir='ltr'><strong>dc</strong></span> <span class='ocrx_word' id='word_1_196' title='bbox 531 4045 543 4109; x_wconf 89' lang='lat' dir='ltr'><strong>l</strong></span> <span class='ocrx_word' id='word_1_197' title='bbox 573 4054 606 4108; x_wconf 88' lang='lat' dir='ltr'><strong>ct</strong></span> <span class='ocrx_word' id='word_1_198' title='bbox 630 4043 650 4108; x_wconf 87' lang='lat'>3</span> <span class='ocrx_word' id='word_1_199' title='bbox 669 4051 701 4108; x_wconf 91' lang='lat' dir='ltr'><strong>et</strong></span> <span class='ocrx_word' id='word_1_200' title='bbox 721 4044 788 4108; x_wconf 86' lang='lat' dir='ltr'><strong>5et</strong></span> <span class='ocrx_word' id='word_1_201' title='bbox 808 4043 851 4119; x_wconf 87' lang='lat'><strong>7,</strong></span> <span class='ocrx_word' id='word_1_202' title='bbox 871 4063 1014 4131; x_wconf 91' lang='lat' dir='ltr'><strong>quorum</strong></span> <span class='ocrx_word' id='word_1_203' title='bbox 1032 4063 1163 4109; x_wconf 87' lang='lat' dir='ltr'><strong>summa</strong></span> <span class='ocrx_word' id='word_1_204' title='bbox 1186 4053 1235 4108; x_wconf 90' lang='lat' dir='ltr'><strong>est</strong></span> <span class='ocrx_word' id='word_1_205' title='bbox 1251 4045 1310 4118; x_wconf 86' lang='lat' dir='ltr'><strong>t6,</strong></span> <span class='ocrx_word' id='word_1_206' title='bbox 1334 4042 1391 4131; x_wconf 93' lang='lat' dir='ltr'><strong>qni</strong></span> <span class='ocrx_word' id='word_1_207' title='bbox 1406 4052 1456 4109; x_wconf 90' lang='lat' dir='ltr'><strong>est</strong></span> <span class='ocrx_word' id='word_1_208' title='bbox 1479 4062 1562 4131; x_wconf 84' lang='lat' dir='ltr'><strong>qua-</strong></span> 
     </span>
     <span class='ocr_line' id='line_1_28' title="bbox 466 4169 1562 4260; baseline -0.002 -23"><span class='ocrx_word' id='word_1_209' title='bbox 466 4171 600 4248; x_wconf 88' lang='lat' dir='ltr'><strong>dratus,</strong></span> <span class='ocrx_word' id='word_1_210' title='bbox 624 4191 692 4260; x_wconf 90' lang='lat' dir='ltr'><strong>quo</strong></span> <span class='ocrx_word' id='word_1_211' title='bbox 715 4169 827 4238; x_wconf 88' lang='lat' dir='ltr'><strong>addito</strong></span> <span class='ocrx_word' id='word_1_212' title='bbox 850 4191 926 4238; x_wconf 92' lang='lat' dir='ltr'><strong>cum</strong></span> <span class='ocrx_word' id='word_1_213' title='bbox 950 4173 970 4236; x_wconf 84' lang='lat'><strong>9</strong></span> <span class='ocrx_word' id='word_1_214' title='bbox 994 4170 1201 4258; x_wconf 86' lang='lat' dir='ltr'><strong>egredientur</strong></span> <span class='ocrx_word' id='word_1_215' title='bbox 1236 4171 1300 4246; x_wconf 76' lang='lat'><strong>25,</strong></span> <span class='ocrx_word' id='word_1_216' title='bbox 1323 4170 1379 4258; x_wconf 92' lang='lat' dir='ltr'><strong>qui</strong></span> <span class='ocrx_word' id='word_1_217' title='bbox 1402 4190 1562 4236; x_wconf 89' lang='lat' dir='ltr'><strong>numerus</strong></span> 
     </span>
     <span class='ocr_line' id='line_1_29' title="bbox 463 4296 1560 4386; baseline 0 -23"><span class='ocrx_word' id='word_1_218' title='bbox 463 4308 514 4364; x_wconf 84' lang='lat' dir='ltr'><strong>est</strong></span> <span class='ocrx_word' id='word_1_219' title='bbox 536 4298 730 4386; x_wconf 88' lang='lat' dir='ltr'><strong>quadratus.</strong></span> <span class='ocrx_word' id='word_1_220' title='bbox 755 4298 848 4364; x_wconf 86' lang='lat' dir='ltr'><strong>Etsi</strong></span> <span class='ocrx_word' id='word_1_221' title='bbox 872 4297 1071 4386; x_wconf 86' lang='lat' dir='ltr'><strong>geometrica</strong></span> <span class='ocrx_word' id='word_1_222' title='bbox 1092 4297 1142 4364; x_wconf 90' lang='lat' dir='ltr'><strong>uti</strong></span> <span class='ocrx_word' id='word_1_223' title='bbox 1165 4296 1324 4364; x_wconf 91' lang='lat' dir='ltr'><strong>uolumus</strong></span> <span class='ocrx_word' id='word_1_224' title='bbox 1353 4296 1560 4363; x_wconf 84' lang='lat' dir='ltr'><strong>demonstra·</strong></span> 
     </span>
     <span class='ocr_line' id='line_1_30' title="bbox 465 4423 1560 4516; baseline 0.001 -26"><span class='ocrx_word' id='word_1_225' title='bbox 465 4426 568 4501; x_wconf 87' lang='lat' dir='ltr'><strong>tione,</strong></span> <span class='ocrx_word' id='word_1_226' title='bbox 593 4427 762 4497; x_wconf 88' lang='lat' dir='ltr'><strong>adiaceant</strong></span> <span class='ocrx_word' id='word_1_227' title='bbox 786 4436 1011 4516; x_wconf 88' lang='lat' dir='ltr'><strong>quotcumque</strong></span> <span class='ocrx_word' id='word_1_228' title='bbox 1034 4426 1163 4492; x_wconf 88' lang='lat' dir='ltr'><strong>numeri</strong></span> <span class='ocrx_word' id='word_1_229' title='bbox 1189 4427 1329 4514; x_wconf 89' lang='lat' dir='ltr'><strong>impares</strong></span> <span class='ocrx_word' id='word_1_230' title='bbox 1358 4423 1401 4491; x_wconf 90' lang='lat' dir='ltr'><strong>ab</strong></span> <span class='ocrx_word' id='word_1_231' title='bbox 1432 4426 1560 4491; x_wconf 88' lang='lat' dir='ltr'><strong>unitate</strong></span> 
     </span>
    </p>
   </div>
   <div class='ocr_carea' id='block_1_5' title="bbox 0 0 2092 5792">
    <p class='ocr_par' dir='ltr' id='par_1_6' title="bbox 0 0 2092 5792">
     <span class='ocr_line' id='line_1_31' title="bbox 0 0 2092 5792; baseline 0 9"><span class='ocrx_word' id='word_1_232' title='bbox 0 0 2092 5792; x_wconf 95' lang='lat' dir='ltr'><strong> </strong></span> 
     </span>
    </p>
   </div>
  </div>
 </body>
</html>
