4175 5792
1527 695 1568 759 33

494 850 591 917 super
613 831 656 897 ii
678 841 711 899 et
730 843 950 919 prouenerunt
967 837 998 914 {s}
1016 837 1112 901 unius
1134 837 1199 911 rei,
1222 856 1286 924 que
1304 846 1464 924 aquantur
1487 839 1570 916 tto.

494 956 602 1034 Quare
616 956 828 1046 multiplioaui
841 962 884 1026 36
896 981 954 1048 por
968 964 982 1039 ὲ
998 964 1039 1027 t9
1051 1012 1057 1036 ,
1071 973 1102 1030 et
1114 955 1241 1029 sumam
1259 959 1324 1051 (sio)
1339 962 1434 1030 diuisi
1446 985 1503 1051 per
1517 967 1571 1039 23,

493 1093 526 1149 et
538 1081 637 1149 habui
654 1085 738 1163 327
751 1104 811 1174 pro
822 1093 1002 1174 quantitate
1014 1087 1111 1153 unius
1122 1086 1179 1161 rei,
1193 1085 1315 1152 scilicet
1326 1106 1385 1174 pro
1395 1109 1490 1153 suma
1505 1085 1567 1177 (sio)

492 1207 626 1277 secundi
636 1221 668 1278 et
681 1211 764 1298 tertij
778 1213 913 1288 numeri,
925 1211 1041 1301 dequa
1054 1232 1149 1278 suma
1162 1209 1226 1303 (sie)
1236 1212 1347 1300 aecepi
1359 1215 1485 1280 tertiam
1499 1235 1572 1302 par·

493 1346 579 1412 tem,
594 1346 626 1404 et
640 1337 783 1404 extraoxi
798 1358 869 1404 eam
889 1336 930 1404 de
942 1340 955 1403 t
965 1338 999 1414 i,
1013 1349 1045 1405 et
1060 1335 1150 1427 quod
1166 1339 1334 1413 remansit,
1354 1338 1475 1406 seilicet
1490 1342 1521 1419 ii
1538 1341 1571 1415 i,
1675 1374 1678 1379 ·

493 1461 553 1531 fuit
574 1463 740 1551 quantitas
768 1463 864 1552 primi
893 1464 1028 1531 numeri.
1057 1465 1098 1530 Et
1127 1464 1204 1553 quia
1226 1465 1392 1552 quantitas
1421 1466 1516 1553 primi
1539 1477 1571 1531 et

494 1588 579 1675 tertij
616 1589 742 1658 numeri
772 1588 832 1657 fuit
852 1592 868 1669 ξ
892 1590 987 1657 unius
1020 1591 1064 1657 rei
1091 1591 1198 1657 minus
1222 1592 1263 1668 d,
1287 1590 1328 1659 de
1350 1594 1367 1671 ξ
1395 1593 1439 1659 rei
1464 1592 1571 1658 minus

493 1715 534 1791 i,
558 1715 681 1783 seilicet
703 1715 744 1784 de
764 1719 793 1796 ἕξ
816 1717 881 1793 20,
903 1717 1048 1784 extraoxi
1072 1719 1211 1806 primum
1232 1740 1424 1798 numerum,
1449 1719 1571 1787 scilicet

493 1841 588 1920 sti,
620 1853 845 1909 remanserunt
874 1846 970 1922 {3⁴5
995 1863 1054 1931 pro
1089 1845 1271 1933 quantitate
1304 1845 1388 1932 tertij
1423 1845 1570 1919 numeri,

492 1990 589 2057 quem
617 1990 790 2036 numerum
807 1971 949 2037 extraoxi
964 1970 1005 2037 de
1019 1991 1114 2038 suma
1132 1970 1196 2062 (sio)
1214 1969 1348 2038 secundi
1362 1982 1395 2039 et
1409 1972 1492 2058 tortij
1511 1994 1570 2038 nu-

492 2095 594 2171 meri,
616 2095 739 2163 scilieet
760 2095 801 2163 de
817 2102 847 2176 ἑξ,
864 2097 930 2174 27,
953 2107 1178 2164 remanserunt
1194 2101 1224 2177 {fi
1241 2101 1275 2163 Η
1307 2118 1366 2186 pro
1389 2099 1570 2186 quantitate

490 2220 625 2289 seeundi
650 2222 787 2288 numeri.
853 2288 856 2292 .

647 2480 693 2544 Do
714 2489 846 2566 quotuor
868 2478 1038 2545 tantoties
1057 2482 1205 2547 bizantios
1227 2473 1415 2545 humatione.

561 2735 650 2799 Posvr
669 2732 753 2801 hanc
771 2735 868 2801 aliam
885 2737 1087 2825 questionem
1106 2736 1243 2803 similem
1260 2734 1478 2822 suprascripte
1492 2752 1571 2819 que-

493 2861 627 2936 stionis,
649 2873 760 2929 sancte
778 2873 811 2930 et
829 2862 1013 2931 uenerande
1030 2873 1123 2951 pater
1145 2862 1276 2930 domine
1298 2861 1426 2948 Ranerij
1451 2859 1570 2948 dignis·
1602 2880 1611 2889 ·

492 2989 573 3055 sime
589 2988 684 3055 Card.
700 3039 706 3064 ‚
722 3000 838 3078 utque
854 2991 886 3055 in
901 2992 1080 3079 prescripta
1105 2992 1273 3080 questione
1299 2989 1386 3057 diota
1408 2999 1484 3055 sunt
1503 3009 1568 3054 me·

492 3116 556 3182 lius
578 3115 748 3182 elementia
771 3127 880 3183 uestra
903 3115 1068 3184 intendere
1088 3116 1204 3183 ualeat.
1224 3117 1305 3183 Sunt
1324 3117 1409 3184 enim
1428 3110 1571 3202 quatuor

492 3242 640 3310 homines
655 3242 813 3311 bizantios
831 3243 1007 3320 habentes.
1024 3242 1198 3333 exquibus
1214 3243 1338 3331 primus
1358 3263 1433 3311 oum
1452 3240 1570 3307 medie

493 3383 560 3440 tate
583 3371 801 3439 bizantiorum
835 3372 1033 3462 reliquorum
1059 3372 1157 3441 trium
1180 3370 1349 3437 hominum
1372 3368 1492 3436 habeat
1515 3369 1568 3434 33.

493 3498 661 3568 Secundus
684 3520 760 3567 oum
785 3501 878 3568 tertia
901 3510 995 3589 parte
1011 3499 1228 3568 bizantiorum
1251 3497 1449 3586 reliquorum
1472 3495 1570 3561 trium

491 3627 612 3694 habeat
635 3631 686 3695 35.
722 3628 846 3695 Tertius
880 3648 1010 3717 quoque
1042 3647 1119 3693 oum
1142 3629 1157 3710 ξ
1179 3623 1395 3693 bizantiorum
1431 3623 1570 3712 reliquo-

493 3775 565 3821 rum
589 3754 708 3823 habeat
730 3757 784 3823 36.
808 3756 952 3834 Quartus
974 3774 1053 3823 uero
1087 3774 1163 3821 eum
1186 3753 1439 3835 {bizantiorum
1474 3751 1569 3839 primi

492 3889 525 3949 et
547 3879 679 3948 secundi
703 3892 735 3947 et
768 3883 851 3970 tertij
886 3881 1026 3949 hominis
1060 3878 1180 3948 habeat
1212 3880 1276 3959 37;
1310 3880 1458 3968 queritur
1491 3884 1570 3965 quot

491 4008 717 4097 unusquisque
729 4008 852 4077 habuit.
867 4010 963 4078 Posui
977 4009 1111 4099 quidem
1123 4008 1183 4074 hos
1194 4026 1346 4075 numeros
1358 4005 1516 4080 studiose,
1533 4012 1569 4068 ut

492 4133 612 4201 solutio
624 4131 722 4199 huius
741 4135 918 4222 questionis
937 4134 1033 4202 eadat
1046 4135 1077 4201 in
1097 4133 1228 4223 integris
1247 4133 1403 4207 numeris,
1421 4140 1571 4199 etosten-

490 4262 567 4329 dam
587 4260 670 4329 hano
691 4260 898 4328 insolubilem
915 4283 986 4329 esse
1000 4262 1063 4329 sub
1083 4262 1187 4350 posita
1207 4259 1396 4327 conditione.
1417 4255 1464 4322 Ad
1481 4254 1568 4344 quod

493 4386 782 4455 demonstrandum
806 4406 924 4477 ponam
948 4387 1127 4454 seeundum
1151 4397 1183 4460 et
1207 4387 1336 4453 tertium
1360 4393 1394 4449 et
1415 4392 1569 4481 quartum

492 4512 657 4583 hominem
680 4513 801 4583 habere
820 4536 902 4592 rem,
919 4514 1013 4581 ouius
1033 4515 1077 4582 rei
1098 4513 1253 4582 medietas
1271 4513 1297 4579 si
1317 4509 1457 4577 addatur
1474 4529 1574 4597 super

1275 4639 1290 4687 o
